%%%%%%%%%%%%%%%%%%%%%%%%%%%
% Textbooks
@book{Griffiths:2008,
  title={Introduction to elementary particles. 2nd, rev},
  author={Griffiths, David J},
  year={2008},
  publisher={Wiley-VCH}
}

@book{Gaisser:2016, 
    title={Cosmic Rays and Particle Physics}, 
    author={Gaisser, Thomas K. and Engel, Ralph and Resconi, Elisa}, 
    place={Cambridge}, 
    edition={2}, 
    DOI={10.1017/CBO9781139192194}, 
    publisher={Cambridge University Press}, 
    year={2016}
}

@book{PMT_handbook:2016, 
    title={Photomultiplier Tubes: Basics and Applications}, 
    author={Hamamatsu}, 
    place={Hamamatsu}, 
    edition={3}, 
    publisher={Hamamatsu company}, 
    year={2017},
    url={https://www.hamamatsu.com/content/dam/hamamatsu-photonics/sites/documents/99_SALES_LIBRARY/etd/PMT_handbook_v3aE.pdf}
}


@book{zhang:2018, 
    title={The Physics of Gamma-Ray Bursts}, 
    author={Zhang, Bing}, 
    place={Cambridge}, 
    DOI={10.1017/9781139226530}, 
    publisher={Cambridge University Press}, 
    year={2018}
}

@book{Cowan:1998,
    author = "Cowan, G.",
    title = "{Statistical data analysis}",
    place={Oxford}, 
    publisher={Oxford science publications}, 
    isbn = "978-0-19-850156-5",
    year = "1998"
}

@book{RT_gems:2021,
  title={Ray Tracing Gems II: Next Generation Real-Time Rendering with DXR, Vulkan, and OptiX},
  author={Marrs, Adam and Shirley, Peter and Wald, Ingo},
  year={2021},
  publisher={Springer Nature}
}

@book{CUDA_for_engineers:2015,
  title={CUDA for engineers: an introduction to high-performance parallel computing},
  author={Storti, Duane and Yurtoglu, Mete},
  year={2015},
  publisher={Addison-Wesley Professional}
}
% Textbooks
%%%%%%%%%%%%%%%%%%%%%%%%%%%%%%%%


%%%%%%%%%%%%%%%%%%%%%%%%%%%%%
% Historical neutrino
@article{Wang:1942,
  title = {A Suggestion on the Detection of the Neutrino},
  author = {Wang, Kan Chang},
  journal = {Phys. Rev.},
  volume = {61},
  issue = {1-2},
  pages = {97--97},
  numpages = {0},
  year = {1942},
  publisher = {American Physical Society},
  doi = {10.1103/PhysRev.61.97},
  url = {https://link.aps.org/doi/10.1103/PhysRev.61.97}
}

@article{Cowan:1956,
    author = "Cowan, C.L. and Reines, F. and Harrison, F.B. and Kruse, H.W. and McGuire, A.D.",
    title = "{Detection of the free neutrino: A Confirmation}",
    doi = "10.1126/science.124.3212.103",
    journal = "Science",
    volume = "124",
    pages = "103--104",
    year = "1956"
}

@article{Davis:1955,
	title = "{Attempt to detect the antineutrinos from a nuclear reactor by the Cl37(anti-nu,e-) A37 reaction}",
	volume = {97},
	url = {https://link.aps.org/doi/10.1103/PhysRev.97.766},
	doi = {10.1103/PhysRev.97.766},
	number = {3},
	urldate = {2020-04-26},
	journal = {Physical Review},
	author = {Davis, Raymond},
	month = feb,
	year = {1955},
	note = {Publisher: American Physical Society},
	pages = {766--769},
}

@article{Cleveland:1998,
	title = {Measurement of the {Solar} {Electron} {Neutrino} {Flux} with the {Homestake} {Chlorine} {Detector}},
	volume = {496},
	issn = {0004-637X},
	url = {https://iopscience.iop.org/article/10.1086/305343/meta},
	doi = {10.1086/305343},
	language = {en},
	number = {1},
	urldate = {2020-04-26},
	journal = {The Astrophysical Journal},
	author = {Cleveland, Bruce T. and Daily, Timothy and Raymond Davis, Jr and Distel, James R. and Lande, Kenneth and Lee, C. K. and Wildenhain, Paul S. and Ullman, Jack},
	month = mar,
	year = {1998},
	note = {Publisher: IOP Publishing},
	pages = {505},
}

@article{Bahcall:2001,
    author = "Bahcall, John N. and Gonzalez-Garcia, M. C. and Pena-Garay, Carlos",
    title = "{Robust signatures of solar neutrino oscillation solutions}",
    eprint = "hep-ph/0111150",
    archivePrefix = "arXiv",
    doi = "10.1088/1126-6708/2002/04/007",
    journal = "JHEP",
    volume = "04",
    pages = "007",
    year = "2002"
}

@article{Pontecorvo:1957,
    author = "Pontecorvo, B.",
    journal = "Sov. Phys. JETP",
    pages = "172--173",
    title = "{Inverse beta processes and nonconservation of lepton charge}",
    volume = "7",
    year = "1958"
}

@article{Maki:1962,
    author = "Maki, Ziro and Nakagawa, Masami and Sakata, Shoichi",
    doi = "10.1143/PTP.28.870",
    journal = "Prog. Theor. Phys.",
    pages = "870--880",
    title = "{Remarks on the unified model of elementary particles}",
    volume = "28",
    year = "1962"
}
@article{Pontecorvo:1967,
    author = "Pontecorvo, B.",
    journal = "Sov. Phys. JETP",
    pages = "984--988",
    title = "{Neutrino Experiments and the Problem of Conservation of Leptonic Charge}",
    volume = "26",
    year = "1968"
}

@article{Super-K:1998,
    author = "Fukuda, Y. and others",
    archivePrefix = "arXiv",
    collaboration = "Super-Kamiokande",
    doi = "10.1103/PhysRevLett.81.1562",
    eprint = "hep-ex/9807003",
    journal = "Phys. Rev. Lett.",
    pages = "1562--1567",
    reportNumber = "BU-98-17, ICRR-REPORT-422-98-18, UCI-98-8, KEK-PREPRINT-98-95, LSU-HEPA-5-98, UMD-98-003, SBHEP-98-5, TKU-PAP-98-06, TIT-HPE-98-09",
    title = "{Evidence for oscillation of atmospheric neutrinos}",
    volume = "81",
    year = "1998"
}

@article{Sudbury:2001,
    author = "Ahmad, Q.R. and others",
    archivePrefix = "arXiv",
    collaboration = "SNO",
    doi = "10.1103/PhysRevLett.87.071301",
    eprint = "nucl-ex/0106015",
    journal = "Phys. Rev. Lett.",
    pages = "071301",
    reportNumber = "UPR-0240E",
    title = "{Measurement of the rate of $\nu_e+d \to p+p+e^-$ interactions produced by $^8B$ solar neutrinos at the Sudbury Neutrino Observatory}",
    volume = "87",
    year = "2001"
}
% Historical neutrino
%%%%%%%%%%%%%%%%%%%%%%%%%%%

@article{PandaX-II:2019,
    author = "Ni, Kaixiang and others",
    collaboration = "PandaX-II",
    title = "{Searching for neutrino-less double beta decay of $^{136}$Xe with PandaX-II liquid xenon detector}",
    eprint = "1906.11457",
    archivePrefix = "arXiv",
    doi = "10.1088/1674-1137/43/11/113001",
    journal = "Chin. Phys. C",
    volume = "43",
    number = "11",
    pages = "113001",
    year = "2019"
}

@article{KamLAND-Zen:2016,
    author = "Gando, A. and others",
    collaboration = "KamLAND-Zen",
    title = "{Search for Majorana Neutrinos near the Inverted Mass Hierarchy Region with KamLAND-Zen}",
    eprint = "1605.02889",
    archivePrefix = "arXiv",
    doi = "10.1103/PhysRevLett.117.082503",
    journal = "Phys. Rev. Lett.",
    volume = "117",
    number = "8",
    pages = "082503",
    year = "2016",
    note = "[Addendum: Phys.Rev.Lett. 117, 109903 (2016)]"
}

@article{SNO_Plus:2021,
    author = "Albanese, V. and others",
    collaboration = "SNO+",
    title = "{The SNO+ experiment}",
    eprint = "2104.11687",
    archivePrefix = "arXiv",
    primaryClass = "physics.ins-det",
    doi = "10.1088/1748-0221/16/08/P08059",
    journal = "JINST",
    volume = "16",
    number = "08",
    pages = "P08059",
    year = "2021"
}

@article{EXO-200:2012,
    author = "Auger, M. and others",
    collaboration = "EXO-200",
    title = "{Search for Neutrinoless Double-Beta Decay in $^{136}$Xe with EXO-200}",
    eprint = "1205.5608",
    archivePrefix = "arXiv",
    doi = "10.1103/PhysRevLett.109.032505",
    journal = "Phys. Rev. Lett.",
    volume = "109",
    pages = "032505",
    year = "2012"
}

@article{Matthews:2005,
    author = "Matthews, J.",
    title = "{A Heitler model of extensive air showers}",
    doi = "10.1016/j.astropartphys.2004.09.003",
    journal = "Astropart. Phys.",
    volume = "22",
    pages = "387--397",
    year = "2005"
}

@article{Montanus:2011,
    author = "Montanus, J. M. C.",
    title = "{Intermediate models for longitudinal profiles of cosmic showers}",
    eprint = "1106.1073",
    archivePrefix = "arXiv",
    reportNumber = "NIKHEF-2011-019",
    doi = "10.1016/j.astropartphys.2012.01.006",
    journal = "Astropart. Phys.",
    volume = "35",
    pages = "651--659",
    year = "2012"
}

@article{Stadelmaier:2023,
    author = "Stadelmaier, Maximilian and V\'\i{}cha, Jakub and Novotn\'y, Vladim\'\i{}r",
    title = "{The Greisen Function and its Ability to Describe Air-Shower Profiles}",
    eprint = "2303.16670",
    archivePrefix = "arXiv",
    month = "3",
    year = "2023"
}

@article{askaryan_excess:1962,
	title = {Excess negative charge of an electron-photon shower and its coherent radio emission},
	volume = {14},
	pages = {441--443},
	number = {2},
	journaltitle = {Sov.Phys.{JETP}},
	author = {Askar'yan, G. A.},
	date = {1962-02},
}

@article{Askarian_acoustic:1979,
    author = "Askarian, G. A. and Dolgoshein, B. A. and Kalinovsky, A. N. and Mokhov, N. V.",
    title = "{ACOUSTIC DETECTION OF HIGH-ENERGY PARTICLE SHOWERS IN WATER}",
    doi = "10.1016/0029-554X(79)90244-1",
    journal = "Nucl. Instrum. Meth.",
    volume = "164",
    pages = "267--278",
    year = "1979"
}

@article{Lahmann_history_acoustic:2019,
    author = "Lahmann, Robert",
    editor = "Riccobene, G. and Biagi, S. and Capone, A. and Distefano, C. and Piattelli, P.",
    title = "{History of acoustic neutrino detection}",
    doi = "10.1051/epjconf/201921601001",
    journal = "EPJ Web Conf.",
    volume = "216",
    pages = "01001",
    year = "2019"
}

@article{Changda_PandaX_ADC:2021,
    author = "He, Changda and others",
    title = "{A 500 MS/s waveform digitizer for PandaX dark matter experiments}",
    eprint = "2108.11804",
    archivePrefix = "arXiv",
    doi = "10.1088/1748-0221/16/12/T12015",
    journal = "JINST",
    volume = "16",
    number = "12",
    pages = "T12015",
    year = "2021"
}

@article{white_rabbit:2013,
    author = "Jansweijer, P. P. M. and Peek, H. Z. and De Wolf, E.",
    editor = "Anton, G. and others",
    title = "{White Rabbit: Sub-nanosecond timing over Ethernet}",
    doi = "10.1016/j.nima.2012.12.096",
    journal = "Nucl. Instrum. Meth. A",
    volume = "725",
    pages = "187--190",
    year = "2013"
}

@inproceedings{pmt_Earth_magnetic:2011,
    author = "Leonora, E. and Aiello, S. and Leotta, G.",
    collaboration = "KM3NeT",
    title = "{Influence of the Earth's magnetic field on large area photomultipliers}",
    booktitle = "{2nd International Conference on Advancements in Nuclear Instrumentation, Measurement Methods and their Applications}",
    doi = "10.1109/ANIMMA.2011.6172838",
    year = "2011"
}

@article{JUNO_pmt_implosion:2022,
    author = "He, Miao and others",
    title = "{Design of the PMT underwater cascade implosion protection system for JUNO}",
    eprint = "2209.08441",
    archivePrefix = "arXiv",
    doi = "10.1088/1748-0221/18/02/P02013",
    journal = "JINST",
    volume = "18",
    number = "02",
    pages = "P02013",
    year = "2023"
}

@article{ANTARES_acoustic:2010,
    author = "Aguilar, J. A. and others",
    collaboration = "ANTARES",
    title = "{AMADEUS - The Acoustic Neutrino Detection Test System of the ANTARES Deep-Sea Neutrino Telescope}",
    eprint = "1009.4179",
    archivePrefix = "arXiv",
    doi = "10.1016/j.nima.2010.09.053",
    journal = "Nucl. Instrum. Meth. A",
    volume = "626-627",
    pages = "128--143",
    year = "2011"
}

@article{KM3NeT_acoustic:2022,
    author = "Tortosa, D\'\i{}dac D. and Ardid, Miguel and Bou-Cabo, Manuel and Lara, Guillermo and Mart\'\i{}nez-Mora, Juan A.",
    title = "{Development of a trigger for acoustic neutrino candidates in KM3NeT}",
    eprint = "2211.10149",
    archivePrefix = "arXiv",
    month = "11",
    year = "2022"
}

@article{GZK_G:1966,
    author = "Greisen, Kenneth",
    title = "{End to the cosmic ray spectrum?}",
    doi = "10.1103/PhysRevLett.16.748",
    journal = "Phys. Rev. Lett.",
    volume = "16",
    pages = "748--750",
    year = "1966"
}

@article{GZK_ZK:1966,
    author = "Zatsepin, G. T. and Kuzmin, V. A.",
    title = "{Upper limit of the spectrum of cosmic rays}",
    journal = "JETP Lett.",
    volume = "4",
    pages = "78--80",
    year = "1966"
}

@software{CR_spectrum:2022,
	title = {The Cosmic Ray Spectrum (2021)},
	rights = {{MIT}},
	url = {https://github.com/carmeloevoli/The_CR_Spectrum},
	abstract = {The Cosmic Ray spectrum plot},
	author = {Evoli, Carmelo},
	urldate = {2023-02-05},
	date = {2022-12-21},
	note = {original-date: 2019-12-18T13:57:28Z},
	keywords = {astroparticle-physics, cosmic-rays},
}

@article{Fermi_acceleration:1949,
    author = "Fermi, Enrico",
    title = "{On the Origin of the Cosmic Radiation}",
    doi = "10.1103/PhysRev.75.1169",
    journal = "Phys. Rev.",
    volume = "75",
    pages = "1169--1174",
    year = "1949"
}

@article{Bell_shock_1:1978,
    author = "Bell, A. R.",
    title = "{The Acceleration of cosmic rays in shock fronts. I}",
    journal = "Mon. Not. Roy. Astron. Soc.",
    volume = "182",
    pages = "147--156",
    year = "1978"
}

@article{Bell_shock_2:1978,
    author = "Bell, A. R.",
    title = "{The acceleration of cosmic rays in shock fronts. II.}",
    journal = "Mon. Not. Roy. Astron. Soc.",
    volume = "182",
    pages = "443--455",
    year = "1978"
}

@article{Hillas_limit:1984,
    author = "Hillas, A. M.",
    title = "{The Origin of Ultrahigh-Energy Cosmic Rays}",
    doi = "10.1146/annurev.aa.22.090184.002233",
    journal = "Ann. Rev. Astron. Astrophys.",
    volume = "22",
    pages = "425--444",
    year = "1984"
}

@article{muon_damp:2005,
    author = "Kashti, Tamar and Waxman, Eli",
    title = "{Flavoring astrophysical neutrinos: Flavor ratios depend on energy}",
    eprint = "astro-ph/0507599",
    archivePrefix = "arXiv",
    doi = "10.1103/PhysRevLett.95.181101",
    journal = "Phys. Rev. Lett.",
    volume = "95",
    pages = "181101",
    year = "2005"
}

@article{Astro2020_neutrino,
    author = "Ackermann, Markus and others",
    archivePrefix = "arXiv",
    eprint = "1903.04334",
    journal = "Bull. Am. Astron. Soc.",
    pages = "185",
    title = "{Astrophysics Uniquely Enabled by Observations of High-Energy Cosmic Neutrinos}",
    volume = "51",
    year = "2019"
}

@article{IceCube_diffse_muon:2017,
    author = "Haack, Christian and Wiebusch, Christopher",
    collaboration = "IceCube",
    title = "{A measurement of the diffuse astrophysical muon neutrino flux using eight years of IceCube data.}",
    doi = "10.22323/1.301.1005",
    journal = "PoS",
    volume = "ICRC2017",
    pages = "1005",
    year = "2018"
}

@article{IceCube_diffse_muon:2021,
    author = "Abbasi, R. and others",
    collaboration = "IceCube",
    title = "{Improved Characterization of the Astrophysical Muon\textendash{}neutrino Flux with 9.5 Years of IceCube Data}",
    eprint = "2111.10299",
    archivePrefix = "arXiv",
    doi = "10.3847/1538-4357/ac4d29",
    journal = "Astrophys. J.",
    volume = "928",
    number = "1",
    pages = "50",
    year = "2022"
}

@article{IceCube_atmos_nu:2014,
    author = "Aartsen, M. G. and others",
    collaboration = "IceCube",
    title = "{Development of a General Analysis and Unfolding Scheme and its Application to Measure the Energy Spectrum of Atmospheric Neutrinos with IceCube}",
    eprint = "1409.4535",
    archivePrefix = "arXiv",
    doi = "10.1140/epjc/s10052-015-3330-z",
    journal = "Eur. Phys. J. C",
    volume = "75",
    number = "3",
    pages = "116",
    year = "2015"
}

@article{IceCube_track_reco:2021,
    author = "Abbasi, R. and others",
    collaboration = "IceCube",
    title = "{A muon-track reconstruction exploiting stochastic losses for large-scale Cherenkov detectors}",
    eprint = "2103.16931",
    archivePrefix = "arXiv",
    doi = "10.1088/1748-0221/16/08/P08034",
    journal = "JINST",
    volume = "16",
    number = "08",
    pages = "P08034",
    year = "2021"
}

@article{line_fit:2013,
    author = "Aartsen, M. G. and others",
    title = "{Improvement in Fast Particle Track Reconstruction with Robust Statistics}",
    eprint = "1308.5501",
    archivePrefix = "arXiv",
    doi = "10.1016/j.nima.2013.10.074",
    journal = "Nucl. Instrum. Meth. A",
    volume = "736",
    pages = "143--149",
    year = "2014"
}

@article{ANTARES_q_fit:2011,
    author = "Aguilar, J. A. and others",
    collaboration = "ANTARES",
    title = "{A fast algorithm for muon track reconstruction and its application to the ANTARES neutrino telescope}",
    eprint = "1105.4116",
    archivePrefix = "arXiv",
    doi = "10.1016/j.astropartphys.2011.01.003",
    journal = "Astropart. Phys.",
    volume = "34",
    pages = "652--662",
    year = "2011"
}

@article{IceCube_MESE:2014,
    author = "Aartsen, M. G. and others",
    collaboration = "IceCube",
    title = "{Atmospheric and astrophysical neutrinos above 1 TeV interacting in IceCube}",
    eprint = "1410.1749",
    archivePrefix = "arXiv",
    doi = "10.1103/PhysRevD.91.022001",
    journal = "Phys. Rev. D",
    volume = "91",
    number = "2",
    pages = "022001",
    year = "2015"
}

@article{IceCube_HESE:2020,
    author = "Abbasi, R. and others",
    collaboration = "IceCube",
    title = "{The IceCube high-energy starting event sample: Description and flux characterization with 7.5 years of data}",
    eprint = "2011.03545",
    archivePrefix = "arXiv",
    doi = "10.1103/PhysRevD.104.022002",
    journal = "Phys. Rev. D",
    volume = "104",
    pages = "022002",
    year = "2021"
}

@article{IceCube_starting_track:2021,
    author = "Abbasi, Rasha and others",
    collaboration = "IceCube",
    title = "{Searches for and Characterization of Astrophysical Neutrinos using Starting Track Events in IceCube}",
    eprint = "2107.09811",
    archivePrefix = "arXiv",
    reportNumber = "PoS-ICRC2021-1130",
    doi = "10.22323/1.395.1130",
    journal = "PoS",
    volume = "ICRC2021",
    pages = "1130",
    year = "2021"
}

@article{IceCube_starting_track:2021b,
    author = "Mancina, S. and Silva, M.",
    collaboration = "IceCube",
    title = "{Astrophysical neutrino source searches with IceCube starting track events}",
    doi = "10.1088/1748-0221/16/09/C09024",
    journal = "JINST",
    volume = "16",
    number = "09",
    pages = "C09024",
    year = "2021"
}

@article{IceCube_atmos_muon_flux:2018,
    author = "Soldin, D.",
    editor = "Pattison, B. and Itow, Y. and Sako, T. and Menjo, H.",
    collaboration = "IceCube",
    title = "{Atmospheric Muons Measured with IceCube}",
    eprint = "1811.03651",
    archivePrefix = "arXiv",
    doi = "10.1051/epjconf/201920808007",
    journal = "EPJ Web Conf.",
    volume = "208",
    pages = "08007",
    year = "2019"
}

@article{KM3NeT_trigger:ICRC2019,
    author = "Bruijn, Ronald and Chiarusi, Tommaso",
    collaboration = "KM3NeT",
    title = "{Readout and trigger system of the KM3NeT detectors}",
    doi = "10.22323/1.358.0848",
    journal = "PoS",
    volume = "ICRC2019",
    pages = "848",
    year = "2020"
}

@article{IceCube_trigger:2015,
    author = "Kelley, J. L.",
    editor = "Finley, Chad and others",
    collaboration = "IceCube",
    title = "{Event triggering in the IceCube data acquisition system}",
    doi = "10.1063/1.4902795",
    journal = "AIP Conf. Proc.",
    volume = "1630",
    number = "1",
    pages = "154--157",
    year = "2015"
}

@phdthesis{KM3NeT_trigger:2018,
    author = "De Sio, Chiara",
    title = "{Event triggering and deep learning for particle identification in KM3NeT}",
    doi = "10.14273/unisa-1369",
    school = "Salerno U.",
    year = "2018"
}

@phdthesis{KM3NeT_K40:2017,
    author = {Herold, Bj\"orn},
    title = "{Simulation and Measurement of Optical Background in the Deep Sea Using a Multi-PMT Optical Module}",
    school = "Erlangen - Nuremberg U.",
    year = "2017"
}

@article{ANTARES_IceCube_point_source:2020,
    author = "Albert, A. and others",
    collaboration = "ANTARES, IceCube",
    title = "{ANTARES and IceCube Combined Search for Neutrino Point-like and Extended Sources in the Southern Sky}",
    eprint = "2001.04412",
    archivePrefix = "arXiv",
    doi = "10.3847/1538-4357/ab7afb",
    journal = "Astrophys. J.",
    volume = "892",
    pages = "92",
    year = "2020"
}

@article{KM3NeT_sensitivity:2018,
    author = "Aiello, S. and others",
    collaboration = "KM3NeT",
    title = "{Sensitivity of the KM3NeT/ARCA neutrino telescope to point-like neutrino sources}",
    eprint = "1810.08499",
    archivePrefix = "arXiv",
    doi = "10.1016/j.astropartphys.2019.04.002",
    journal = "Astropart. Phys.",
    volume = "111",
    pages = "100--110",
    year = "2019"
}

@article{IceCube-Gen2_sensitivity:2021,
    author = "Omeliukh, Anastasiia and others",
    collaboration = "IceCube-Gen2",
    title = "{Optimization of the optical array geometry for IceCube-Gen2}",
    eprint = "2107.08527",
    archivePrefix = "arXiv",
    reportNumber = "PoS-ICRC2021-1184",
    doi = "10.22323/1.395.1184",
    journal = "PoS",
    volume = "ICRC2021",
    pages = "1184",
    year = "2021"
}

@article{Cowan_Asimov_estimate:2010,
    author = "Cowan, Glen and Cranmer, Kyle and Gross, Eilam and Vitells, Ofer",
    title = "{Asymptotic formulae for likelihood-based tests of new physics}",
    eprint = "1007.1727",
    archivePrefix = "arXiv",
    doi = "10.1140/epjc/s10052-011-1554-0",
    journal = "Eur. Phys. J. C",
    volume = "71",
    pages = "1554",
    year = "2011",
    note = "[Erratum: Eur.Phys.J.C 73, 2501 (2013)]"
}

@article{GRAND:2018,
    author = "\'Alvarez-Mu\~niz, Jaime and others",
    collaboration = "GRAND",
    title = "{The Giant Radio Array for Neutrino Detection (GRAND): Science and Design}",
    eprint = "1810.09994",
    archivePrefix = "arXiv",
    doi = "10.1007/s11433-018-9385-7",
    journal = "Sci. China Phys. Mech. Astron.",
    volume = "63",
    number = "1",
    pages = "219501",
    year = "2020"
}

@article{RNO-G:2020,
    author = "Aguilar, J. A. and others",
    collaboration = "RNO-G",
    title = "{Design and Sensitivity of the Radio Neutrino Observatory in Greenland (RNO-G)}",
    eprint = "2010.12279",
    archivePrefix = "arXiv",
    doi = "10.1088/1748-0221/16/03/P03025",
    journal = "JINST",
    volume = "16",
    number = "03",
    pages = "P03025",
    year = "2021"
}

@inproceedings{LuLu_PeVPA:2022,
    author  = "Lu, Lu",
    title   = "A decade of discoveries with Cherenkov neutrino telescopes",
    publisher = "TeV Particle Astronomy 2022, Canada",
    year    = 2022
}

@article{PLENuM:2021,
    author = "Schumacher, Lisa Johanna and Huber, Matthias and Agostini, Matteo and Bustamante, Mauricio and Oikonomou, Foteini and Resconi, Elisa",
    title = "{PLE$\nu$M: A global and distributed monitoring system of high-energy astrophysical neutrinos}",
    eprint = "2107.13534",
    archivePrefix = "arXiv",
    reportNumber = "PoS-ICRC2021-1185",
    doi = "10.22323/1.395.1185",
    journal = "PoS",
    volume = "ICRC2021",
    pages = "1185",
    year = "2021"
}

@article{IceCube-Gen2_white_paper:2020,
    author = "Aartsen, M. G. and others",
    collaboration = "IceCube-Gen2",
    title = "{IceCube-Gen2: the window to the extreme Universe}",
    eprint = "2008.04323",
    archivePrefix = "arXiv",
    doi = "10.1088/1361-6471/abbd48",
    journal = "J. Phys. G",
    volume = "48",
    number = "6",
    pages = "060501",
    year = "2021"
}

@article{IceCube_atmos_neutrino_flux:2016,
    author = "Aartsen, M. G. and others",
    collaboration = "IceCube",
    title = "{Observation and Characterization of a Cosmic Muon Neutrino Flux from the Northern Hemisphere using six years of IceCube data}",
    eprint = "1607.08006",
    archivePrefix = "arXiv",
    doi = "10.3847/0004-637X/833/1/3",
    journal = "Astrophys. J.",
    volume = "833",
    number = "1",
    pages = "3",
    year = "2016"
}

@article{IceCube_6yr_cascade_spectrum:2017,
    author = "Kopper, Claudio",
    collaboration = "IceCube",
    title = "{Observation of Astrophysical Neutrinos in Six Years of IceCube Data}",
    doi = "10.22323/1.301.0981",
    journal = "PoS",
    volume = "ICRC2017",
    pages = "981",
    year = "2018"
}

@article{IceCube_cascade_dir_reco:2019,
    author = "Haack, Christian and Lu, Lu and Yuan, Tianlu",
    editor = "Spiering, C.",
    title = "{Improving the directional reconstruction of PeV hadronic cascades in IceCube}",
    doi = "10.1051/epjconf/201920705003",
    journal = "EPJ Web Conf.",
    volume = "207",
    pages = "05003",
    year = "2019"
}

@article{IceCube_cascade_dir_reco:2021,
    author = "Abbasi, R. and others",
    title = "{A Convolutional Neural Network based Cascade Reconstruction for the IceCube Neutrino Observatory}",
    eprint = "2101.11589",
    archivePrefix = "arXiv",
    doi = "10.1088/1748-0221/16/07/P07041",
    journal = "JINST",
    volume = "16",
    pages = "P07041",
    year = "2021"
}

@article{IceCube_cascade_source_search:2016,
    author = "Aartsen, M. G. and others",
    collaboration = "IceCube",
    title = "{Lowering IceCube's Energy Threshold for Point Source Searches in the Southern Sky}",
    eprint = "1605.00163",
    archivePrefix = "arXiv",
    doi = "10.3847/2041-8205/824/2/L28",
    journal = "Astrophys. J. Lett.",
    volume = "824",
    number = "2",
    pages = "L28",
    year = "2016"
}

@article{IceCube_astro_neutrino_flux:2013,
    author = "Aartsen, M. G. and others",
    collaboration = "IceCube",
    title = "{Evidence for High-Energy Extraterrestrial Neutrinos at the IceCube Detector}",
    eprint = "1311.5238",
    archivePrefix = "arXiv",
    doi = "10.1126/science.1242856",
    journal = "Science",
    volume = "342",
    pages = "1242856",
    year = "2013"
}

@article{IceCube_astro_neutrino_flux_3yr:2014,
    author = "Aartsen, M. G. and others",
    collaboration = "IceCube",
    title = "{Observation of High-Energy Astrophysical Neutrinos in Three Years of IceCube Data}",
    eprint = "1405.5303",
    archivePrefix = "arXiv",
    doi = "10.1103/PhysRevLett.113.101101",
    journal = "Phys. Rev. Lett.",
    volume = "113",
    pages = "101101",
    year = "2014"
}

@article{IceCube_NGC1068:2022,
    author = "Abbasi, R. and others",
    collaboration = "IceCube",
    title = "{Evidence for neutrino emission from the nearby active galaxy NGC 1068}",
    eprint = "2211.09972",
    archivePrefix = "arXiv",
    doi = "10.1126/science.abg3395",
    journal = "Science",
    volume = "378",
    number = "6619",
    pages = "538--543",
    year = "2022"
}

@article{TXS_0506_flare:2018,
    author = "Aartsen, M. G. and others",
    collaboration = "IceCube",
    title = "{Neutrino emission from the direction of the blazar TXS 0506+056 prior to the IceCube-170922A alert}",
    eprint = "1807.08794",
    archivePrefix = "arXiv",
    doi = "10.1126/science.aat2890",
    journal = "Science",
    volume = "361",
    number = "6398",
    pages = "147--151",
    year = "2018"
}

@article{TXS_0506_MM:2018,
    author = "Aartsen, M. G. and others",
    collaboration = "IceCube, Fermi-LAT, MAGIC, AGILE, ASAS-SN, HAWC, H.E.S.S., INTEGRAL, Kanata, Kiso, Kapteyn, Liverpool Telescope, Subaru, Swift NuSTAR, VERITAS, VLA/17B-403",
    title = "{Multimessenger observations of a flaring blazar coincident with high-energy neutrino IceCube-170922A}",
    eprint = "1807.08816",
    archivePrefix = "arXiv",
    doi = "10.1126/science.aat1378",
    journal = "Science",
    volume = "361",
    number = "6398",
    pages = "eaat1378",
    year = "2018"
}

@article{Rosas_NGC_1068:2021,
    author = "Rosas, Violeta Gamez and others",
    title = "{Thermal imaging of dust hiding the black hole in NGC 1068}",
    eprint = "2112.13694",
    archivePrefix = "arXiv",
    doi = "10.1038/s41586-021-04311-7",
    journal = "Nature",
    volume = "602",
    number = "7897",
    pages = "403--407",
    year = "2022"
}

@article{IceCube_Fermi_2LAC_blazars:2016,
    author = "Aartsen, M. G. and others",
    collaboration = "IceCube",
    title = "{The contribution of Fermi-2LAC blazars to the diffuse TeV-PeV neutrino flux}",
    eprint = "1611.03874",
    archivePrefix = "arXiv",
    doi = "10.3847/1538-4357/835/1/45",
    journal = "Astrophys. J.",
    volume = "835",
    number = "1",
    pages = "45",
    year = "2017"
}

@article{IceCube_AGN_core:2021,
    author = "Abbasi, R. and others",
    collaboration = "IceCube",
    title = "{Search for neutrino emission from cores of active galactic nuclei}",
    eprint = "2111.10169",
    archivePrefix = "arXiv",
    doi = "10.1103/PhysRevD.106.022005",
    journal = "Phys. Rev. D",
    volume = "106",
    number = "2",
    pages = "022005",
    year = "2022"
}

@article{IceCube_LHAASO:2022,
    author = "Abbasi, R. and others",
    collaboration = "IceCube",
    title = "{Searches for Neutrinos from LHAASO ultra-high-energy \ensuremath{\gamma}-ray sources using the IceCube Neutrino Observatory}",
    eprint = "2211.14184",
    archivePrefix = "arXiv",
    month = "11",
    year = "2022"
}

@article{IceCube_galactic:2017,
    author = "Aartsen, M. G. and others",
    collaboration = "IceCube",
    title = "{Constraints on Galactic Neutrino Emission with Seven Years of IceCube Data}",
    eprint = "1707.03416",
    archivePrefix = "arXiv",
    doi = "10.3847/1538-4357/aa8dfb",
    journal = "Astrophys. J.",
    volume = "849",
    number = "1",
    pages = "67",
    year = "2017"
}

@article{ANTARES_IceCube_galactic:2018,
    author = "Albert, A. and others",
    collaboration = "ANTARES, IceCube",
    title = "{Joint Constraints on Galactic Diffuse Neutrino Emission from the ANTARES and IceCube Neutrino Telescopes}",
    eprint = "1808.03531",
    archivePrefix = "arXiv",
    doi = "10.3847/2041-8213/aaeecf",
    journal = "Astrophys. J. Lett.",
    volume = "868",
    number = "2",
    pages = "L20",
    year = "2018"
}

@article{IceCube_PWN:2020,
    author = "Aartsen, M. G. and others",
    collaboration = "IceCube",
    title = "{IceCube Search for High-Energy Neutrino Emission from TeV Pulsar Wind Nebulae}",
    eprint = "2003.12071",
    archivePrefix = "arXiv",
    doi = "10.3847/1538-4357/ab9fa0",
    journal = "Astrophys. J.",
    volume = "898",
    number = "2",
    pages = "117",
    year = "2020"
}

@article{IceCube_X_binaries:2022,
    author = "Abbasi, R. and others",
    collaboration = "IceCube",
    title = "{Search for High-energy Neutrino Emission from Galactic X-Ray Binaries with IceCube}",
    eprint = "2202.11722",
    archivePrefix = "arXiv",
    doi = "10.3847/2041-8213/ac67d8",
    journal = "Astrophys. J. Lett.",
    volume = "930",
    number = "2",
    pages = "L24",
    year = "2022"
}

@article{Farzan_coherence_oscillation:2008,
    author = "Farzan, Yasaman and Smirnov, Alexei Yu.",
    title = "{Coherence and oscillations of cosmic neutrinos}",
    eprint = "0803.0495",
    archivePrefix = "arXiv",
    doi = "10.1016/j.nuclphysb.2008.07.028",
    journal = "Nucl. Phys. B",
    volume = "805",
    pages = "356--376",
    year = "2008"
}

@article{IceCube_HAWC:2019,
    author = "Kheirandish, Ali and Wood, Joshua",
    collaboration = "IceCube, HAWC",
    title = "{IceCube Search for Galactic Neutrino Sources based on HAWC Observations of the Galactic Plane}",
    eprint = "1908.08546",
    archivePrefix = "arXiv",
    reportNumber = "PoS-ICRC2019-932",
    doi = "10.22323/1.358.0932",
    journal = "PoS",
    volume = "ICRC2019",
    pages = "932",
    year = "2020"
}

@article{Huang_IceCube_LHAASO:2021,
    author = "Huang, Tian-Qi and Li, Zhuo",
    title = "{Neutrino observations of LHAASO sources: Present constraints and future prospects}",
    eprint = "2112.14062",
    archivePrefix = "arXiv",
    doi = "10.1093/mnras/stac1350",
    journal = "Mon. Not. Roy. Astron. Soc.",
    volume = "514",
    number = "1",
    pages = "852--862",
    year = "2022"
}

@article{GW170817_MM,
    author = "Abbott, B. P. and others",
    collaboration = "LIGO Scientific, Virgo, Fermi GBM, INTEGRAL, IceCube, AstroSat Cadmium Zinc Telluride Imager Team, IPN, Insight-Hxmt, ANTARES, Swift, AGILE Team, 1M2H Team, Dark Energy Camera GW-EM, DES, DLT40, GRAWITA, Fermi-LAT, ATCA, ASKAP, Las Cumbres Observatory Group, OzGrav, DWF (Deeper Wider Faster Program), AST3, CAASTRO, VINROUGE, MASTER, J-GEM, GROWTH, JAGWAR, CaltechNRAO, TTU-NRAO, NuSTAR, Pan-STARRS, MAXI Team, TZAC Consortium, KU, Nordic Optical Telescope, ePESSTO, GROND, Texas Tech University, SALT Group, TOROS, BOOTES, MWA, CALET, IKI-GW Follow-up, H.E.S.S., LOFAR, LWA, HAWC, Pierre Auger, ALMA, Euro VLBI Team, Pi of Sky, Chandra Team at McGill University, DFN, ATLAS Telescopes, High Time Resolution Universe Survey, RIMAS, RATIR, SKA South Africa/MeerKAT",
    title = "{Multi-messenger Observations of a Binary Neutron Star Merger}",
    eprint = "1710.05833",
    archivePrefix = "arXiv",
    reportNumber = "LIGO-P1700294, VIR-0802A-17, FERMILAB-PUB-17-478-A-AE-CD",
    doi = "10.3847/2041-8213/aa91c9",
    journal = "Astrophys. J. Lett.",
    volume = "848",
    number = "2",
    pages = "L12",
    year = "2017"
}

@article{IceCube_ANTARES_Auger_GW170817,
    author = "Albert, A. and others",
    collaboration = "ANTARES, IceCube, Pierre Auger, LIGO Scientific, Virgo",
    title = "{Search for High-energy Neutrinos from Binary Neutron Star Merger GW170817 with ANTARES, IceCube, and the Pierre Auger Observatory}",
    eprint = "1710.05839",
    archivePrefix = "arXiv",
    reportNumber = "LIGO-P1700344, FERMILAB-PUB-17-471-ND-TD, LIGO-P1700344",
    doi = "10.3847/2041-8213/aa9aed",
    journal = "Astrophys. J. Lett.",
    volume = "850",
    number = "2",
    pages = "L35",
    year = "2017"
}

@article{IceCube_BBH:2020,
    author = "Aartsen, M. G. and others",
    collaboration = "IceCube",
    title = "{IceCube Search for Neutrinos Coincident with Compact Binary Mergers from LIGO-Virgo\textquoteright{}s First Gravitational-wave Transient Catalog}",
    eprint = "2004.02910",
    archivePrefix = "arXiv",
    doi = "10.3847/2041-8213/ab9d24",
    journal = "Astrophys. J. Lett.",
    volume = "898",
    number = "1",
    pages = "L10",
    year = "2020"
}

@article{Fermi_diffuse_gamma:2014,
    author = "Ackermann, M. and others",
    collaboration = "Fermi-LAT",
    title = "{The spectrum of isotropic diffuse gamma-ray emission between 100 MeV and 820 GeV}",
    eprint = "1410.3696",
    archivePrefix = "arXiv",
    doi = "10.1088/0004-637X/799/1/86",
    journal = "Astrophys. J.",
    volume = "799",
    pages = "86",
    year = "2015"
}

@article{Auger_diffuse:2015,
    author = "Valino, Ines",
    collaboration = "Pierre Auger",
    title = "{The flux of ultra-high energy cosmic rays after ten years of operation of the Pierre Auger Observatory}",
    doi = "10.22323/1.236.0271",
    journal = "PoS",
    volume = "ICRC2015",
    pages = "271",
    year = "2016"
}

@article{Bahcall_solar_model:2005,
    author = "Bahcall, John N. and Serenelli, Aldo M. and Basu, Sarbani",
    archivePrefix = "arXiv",
    doi = "10.1086/504043",
    eprint = "astro-ph/0511337",
    journal = "Astrophys. J. Suppl.",
    pages = "400--431",
    title = "{10,000 standard solar models: a Monte Carlo simulation}",
    volume = "165",
    year = "2006"
}

@article{Waxman:1995,
    author = "Waxman, Eli",
    title = "{Cosmological gamma-ray bursts and the highest energy cosmic rays}",
    eprint = "astro-ph/9505082",
    archivePrefix = "arXiv",
    reportNumber = "IASSNS-AST-95-25",
    doi = "10.1103/PhysRevLett.75.386",
    journal = "Phys. Rev. Lett.",
    volume = "75",
    pages = "386--389",
    year = "1995"
}

@article{MAGIC_GRB190114C:2019,
    author = "Acciari, V. A. and others",
    collaboration = "MAGIC",
    title = "{Teraelectronvolt emission from the $\gamma$-ray burst GRB 190114C}",
    eprint = "2006.07249",
    archivePrefix = "arXiv",
    doi = "10.1038/s41586-019-1750-x",
    journal = "Nature",
    volume = "575",
    number = "7783",
    pages = "455--458",
    year = "2019"
}

@article{Waxman:1997ti,
    author = "Waxman, Eli and Bahcall, John N.",
    title = "{High-energy neutrinos from cosmological gamma-ray burst fireballs}",
    eprint = "astro-ph/9701231",
    archivePrefix = "arXiv",
    reportNumber = "IASSNS-AST-97-14",
    doi = "10.1103/PhysRevLett.78.2292",
    journal = "Phys. Rev. Lett.",
    volume = "78",
    pages = "2292--2295",
    year = "1997"
}

@article{Waxman_Bahcall_bound:1999,
    author = "Waxman, Eli and Bahcall, John N.",
    title = "{High-energy neutrinos from astrophysical sources: An Upper bound}",
    eprint = "hep-ph/9807282",
    archivePrefix = "arXiv",
    reportNumber = "IASSNS-AST-98-38",
    doi = "10.1103/PhysRevD.59.023002",
    journal = "Phys. Rev. D",
    volume = "59",
    pages = "023002",
    year = "1999"
}

@article{Waxman_Bahcall_bound:2001,
    author = "Bahcall, John N. and Waxman, Eli",
    title = "{High-energy astrophysical neutrinos: The Upper bound is robust}",
    eprint = "hep-ph/9902383",
    archivePrefix = "arXiv",
    doi = "10.1103/PhysRevD.64.023002",
    journal = "Phys. Rev. D",
    volume = "64",
    pages = "023002",
    year = "2001"
}

@article{LHAASO_Crab:2021,
    author = "Cao, Zhen and others",
    collaboration = "LHAASO*\textdagger{}, LHAASO",
    title = "{Peta\textendash{}electron volt gamma-ray emission from the Crab Nebula}",
    eprint = "2111.06545",
    archivePrefix = "arXiv",
    doi = "10.1126/science.abg5137",
    journal = "Science",
    volume = "373",
    number = "6553",
    pages = "425--430",
    year = "2021"
}

@Inbook{Mitchell_PWN:2022,
    author="Mitchell, A. M. W. and Gelfand, J.",
    editor="Bambi, Cosimo and Santangelo, Andrea",
    title="Pulsar Wind Nebulae",
    bookTitle="Handbook of X-ray and Gamma-ray Astrophysics",
    year="2022",
    publisher="Springer Nature Singapore",
    address="Singapore",
    pages="1--52",
    isbn="978-981-16-4544-0",
    doi="10.1007/978-981-16-4544-0_157-1",
    url="https://doi.org/10.1007/978-981-16-4544-0_157-1"
}

@article{Kurahashi_review_nu_mm:2022,
    author = "Kurahashi, Naoko and Murase, Kohta and Santander, Marcos",
    title = "{High-Energy Extragalactic Neutrino Astrophysics}",
    eprint = "2203.11936",
    archivePrefix = "arXiv",
    doi = "10.1146/annurev-nucl-011122-061547",
    journal = "Ann. Rev. Nucl. Part. Sci.",
    volume = "72",
    pages = "365",
    year = "2022"
}

@article{Choked_GRB:2015,
    author = "Senno, Nicholas and Murase, Kohta and Meszaros, Peter",
    title = "{Choked Jets and Low-Luminosity Gamma-Ray Bursts as Hidden Neutrino Sources}",
    eprint = "1512.08513",
    archivePrefix = "arXiv",
    doi = "10.1103/PhysRevD.93.083003",
    journal = "Phys. Rev. D",
    volume = "93",
    number = "8",
    pages = "083003",
    year = "2016"
}

@article{Loeb_starburst_galaxy:2006,
    author = "Loeb, Abraham and Waxman, Eli",
    title = "{The Cumulative background of high energy neutrinos from starburst galaxies}",
    eprint = "astro-ph/0601695",
    archivePrefix = "arXiv",
    doi = "10.1088/1475-7516/2006/05/003",
    journal = "JCAP",
    volume = "05",
    pages = "003",
    year = "2006"
}

@article{Meszaros_AGN:2004,
    author = "Alvarez-Muniz, Jaime and Meszaros, Peter",
    title = "{High energy neutrinos from radio-quiet AGNs}",
    eprint = "astro-ph/0409034",
    archivePrefix = "arXiv",
    doi = "10.1103/PhysRevD.70.123001",
    journal = "Phys. Rev. D",
    volume = "70",
    pages = "123001",
    year = "2004"
}

@article{Murase_AGN:2022,
    author = "Murase, Kohta and Stecker, Floyd W.",
    title = "{High-Energy Neutrinos from Active Galactic Nuclei}",
    eprint = "2202.03381",
    archivePrefix = "arXiv",
    month = "2",
    year = "2022"
}

@inbook{Murase_AGN:2015,
    author = "Murase, Kohta",
    editor = "Gaisser, Thomas and Karle, Albrecht",
    title = "{Active Galactic Nuclei as High-Energy Neutrino Sources}",
    booktitle = "{Neutrino Astronomy}: {Current Status, Future Prospects}",
    eprint = "1511.01590",
    archivePrefix = "arXiv",
    doi = "10.1142/9789814759410_0002",
    pages = "15--31",
    year = "2017"
}

@article{Murase_hidden_AGN:2022,
    author = "Murase, Kohta",
    title = "{Hidden Hearts of Neutrino Active Galaxies}",
    eprint = "2211.04460",
    archivePrefix = "arXiv",
    doi = "10.3847/2041-8213/aca53c",
    journal = "Astrophys. J. Lett.",
    volume = "941",
    number = "1",
    pages = "L17",
    year = "2022"
}

@article{Dai_TDE:2018,
    doi = {10.3847/2041-8213/aab429},
    url = {https://dx.doi.org/10.3847/2041-8213/aab429},
    year = {2018},
    publisher = {The American Astronomical Society},
    volume = {859},
    number = {2},
    pages = {L20},
    author = {Lixin Dai and Jonathan C. McKinney and Nathaniel Roth and Enrico Ramirez-Ruiz and M. Coleman Miller},
    title = {A Unified Model for Tidal Disruption Events},
    journal = {The Astrophysical Journal Letters},
}

@article{Wu_TDE:2021,
    author = "Wu, Han-Ji and Mou, Guobin and Wang, Kai and Wang, Wei and Li, Zhuo",
    title = "{Could TDE outflows produce the PeV neutrino events?}",
    eprint = "2112.01748",
    archivePrefix = "arXiv",
    doi = "10.1093/mnras/stac1621",
    journal = "Mon. Not. Roy. Astron. Soc.",
    volume = "514",
    number = "3",
    pages = "4406--4412",
    year = "2022"
}

@article{Winter_TDE:2022,
    author = "Winter, Walter and Lunardini, Cecilia",
    title = "{Interpretation of the observed neutrino emission from three Tidal Disruption Events}",
    eprint = "2205.11538",
    archivePrefix = "arXiv",
    month = "5",
    year = "2022"
}

@article{Zheng_TDE:2022,
    author = "Zheng, Jian-He and Liu, Ruo-Yu and Wang, Xiang-Yu",
    title = "{Choked jet model for the neutrino emission associated with Tidal Disruption Events}",
    eprint = "2209.11005",
    archivePrefix = "arXiv",
    month = "9",
    year = "2022"
}

@article{TDE_MM:2023,
    author = "Reusch, Simeon",
    title = "{Multi-messenger observations of Tidal Disruption Events}",
    doi = "10.22323/1.423.0020",
    journal = "PoS",
    volume = "ECRS",
    pages = "020",
    year = "2023"
}

@article{AT2019dsg:2020,
    author = "Stein, Robert and others",
    title = "{A tidal disruption event coincident with a high-energy neutrino}",
    eprint = "2005.05340",
    archivePrefix = "arXiv",
    doi = "10.1038/s41550-020-01295-8",
    journal = "Nature Astron.",
    volume = "5",
    number = "5",
    pages = "510--518",
    year = "2021"
}

@article{AT2019fdr:2021,
    author = "Reusch, Simeon and others",
    title = "{Candidate Tidal Disruption Event AT2019fdr Coincident with a High-Energy Neutrino}",
    eprint = "2111.09390",
    archivePrefix = "arXiv",
    doi = "10.1103/PhysRevLett.128.221101",
    journal = "Phys. Rev. Lett.",
    volume = "128",
    number = "22",
    pages = "221101",
    year = "2022"
}

@inproceedings{Telescope_history:2019,
    author = "Spiering, Christian",
    archivePrefix = "arXiv",
    booktitle = "{International Conference on History of the Neutrino}: {1930-2018}",
    eprint = "1903.11481",
    title = "{High energy neutrinos and neutrino telescopes}",
    year = "2019"
}

@inproceedings{Markov:1960,
    author = "Markov, M.A.",
    booktitle = "{10th International Conference on High Energy Physics}",
    pages = "578--581",
    title = "{On high energy neutrino physics}",
    year = "1960"
}

@article{Bionta_sn:1987,
    author = "Bionta, R.M. and others",
    doi = "10.1103/PhysRevLett.58.1494",
    journal = "Phys. Rev. Lett.",
    pages = "1494",
    reportNumber = "UCI-NEUTRINO-87-10",
    title = "{Observation of a Neutrino Burst in Coincidence with Supernova SN 1987a in the Large Magellanic Cloud}",
    volume = "58",
    year = "1987"
}

@article{Hirata_sn:1987,
    author = "Hirata, K. and others",
    editor = "Wali, K.C.",
    collaboration = "Kamiokande-II",
    doi = "10.1103/PhysRevLett.58.1490",
    journal = "Phys. Rev. Lett.",
    pages = "1490--1493",
    reportNumber = "UT-ICEPP-87-01, UPR-142E",
    title = "{Observation of a Neutrino Burst from the Supernova SN 1987a}",
    volume = "58",
    year = "1987"
}

@article{IceCube_detector:2016,
    author = "Aartsen, M. G. and others",
    collaboration = "IceCube",
    title = "{The IceCube Neutrino Observatory: Instrumentation and Online Systems}",
    eprint = "1612.05093",
    archivePrefix = "arXiv",
    doi = "10.1088/1748-0221/12/03/P03012",
    journal = "JINST",
    volume = "12",
    number = "03",
    pages = "P03012",
    year = "2017"
}

@article{IceCube_PMT:2010,
    author = "Abbasi, R. and others",
    collaboration = "IceCube",
    title = "{Calibration and Characterization of the IceCube Photomultiplier Tube}",
    eprint = "1002.2442",
    archivePrefix = "arXiv",
    doi = "10.1016/j.nima.2010.03.102",
    journal = "Nucl. Instrum. Meth. A",
    volume = "618",
    pages = "139--152",
    year = "2010"
}

@article{IceCube_DAQ:2008,
    author = "Abbasi, R. and others",
    collaboration = "IceCube",
    title = "{The IceCube Data Acquisition System: Signal Capture, Digitization, and Timestamping}",
    eprint = "0810.4930",
    archivePrefix = "arXiv",
    doi = "10.1016/j.nima.2009.01.001",
    journal = "Nucl. Instrum. Meth. A",
    volume = "601",
    pages = "294--316",
    year = "2009"
}

@article{PMT_fit_function:1994,
    author = "Bellamy, E. H. and Bellettini, G. and Gervelli, F. and Incagli, M. and Lucchesi, D. and Pagliarone, C. and Zetti, F. and Budagov, Yu. and Chirikov-Zorin, I. and Tokar, S.",
    title = "{Absolute calibration and monitoring of a spectrometric channel using a photomultiplier}",
    doi = "10.1016/0168-9002(94)90183-X",
    journal = "Nucl. Instrum. Meth. A",
    volume = "339",
    pages = "468--476",
    year = "1994"
}

@article{DRS4:2010,
    author = "Ritt, Stefan and Dinapoli, Roberto and Hartmann, Ueli",
    editor = "Iwasaki, Hiroyuki and Komatsubara, Takeshi K. and Sugimoto, Yasuhiro",
    title = "{Application of the DRS chip for fast waveform digitizing}",
    doi = "10.1016/j.nima.2010.03.045",
    journal = "Nucl. Instrum. Meth. A",
    volume = "623",
    pages = "486--488",
    year = "2010"
}

@article{AMANDA_track_reco:2003,
    author = "Ahrens, J. and others",
    collaboration = "AMANDA",
    title = "{Muon track reconstruction and data selection techniques in AMANDA}",
    eprint = "astro-ph/0407044",
    archivePrefix = "arXiv",
    doi = "10.1016/j.nima.2004.01.065",
    journal = "Nucl. Instrum. Meth. A",
    volume = "524",
    pages = "169--194",
    year = "2004"
}

@article{IceCube_10yr_point_source:2019,
    author = "Aartsen, M. G. and others",
    collaboration = "IceCube",
    title = "{Time-Integrated Neutrino Source Searches with 10 Years of IceCube Data}",
    eprint = "1910.08488",
    archivePrefix = "arXiv",
    doi = "10.1103/PhysRevLett.124.051103",
    journal = "Phys. Rev. Lett.",
    volume = "124",
    number = "5",
    pages = "051103",
    year = "2020"
}

@article{AMANDA_neutrino_search:2007,
    author = "Ackermann, M. and others",
    collaboration = "IceCube",
    title = "{Search for Ultra High-Energy Neutrinos with AMANDA-II}",
    eprint = "0711.3022",
    archivePrefix = "arXiv",
    doi = "10.1086/527046",
    journal = "Astrophys. J.",
    volume = "675",
    pages = "1014--1024",
    year = "2008"
}

@article{IceCube_7yr_cascade_source:2019,
    author = "Aartsen, M. G. and others",
    collaboration = "IceCube",
    title = "{Search for Sources of Astrophysical Neutrinos Using Seven Years of IceCube Cascade Events}",
    eprint = "1907.06714",
    archivePrefix = "arXiv",
    doi = "10.3847/1538-4357/ab4ae2",
    journal = "Astrophys. J.",
    volume = "886",
    pages = "12",
    year = "2019"
}

@article{IceCube_alert:2016,
    author = "Aartsen, M. G. and others",
    collaboration = "IceCube",
    title = "{The IceCube Realtime Alert System}",
    eprint = "1612.06028",
    archivePrefix = "arXiv",
    doi = "10.1016/j.astropartphys.2017.05.002",
    journal = "Astropart. Phys.",
    volume = "92",
    pages = "30--41",
    year = "2017"
}

@article{IceCube_alert:2019,
    author = "Blaufuss, Erik and Kintscher, Thomas and Lu, Lu and Tung, Chun Fai",
    collaboration = "IceCube",
    title = "{The Next Generation of IceCube Real-time Neutrino Alerts}",
    eprint = "1908.04884",
    archivePrefix = "arXiv",
    reportNumber = "PoS-ICRC2019-1021",
    doi = "10.22323/1.358.1021",
    journal = "PoS",
    volume = "ICRC2019",
    pages = "1021",
    year = "2020"
}

@article{IceCube_follow_up:2020,
    author = "Abbasi, R. and others",
    collaboration = "IceCube",
    title = "{Follow-up of Astrophysical Transients in Real Time with the IceCube Neutrino Observatory}",
    eprint = "2012.04577",
    archivePrefix = "arXiv",
    doi = "10.3847/1538-4357/abe123",
    journal = "Astrophys. J.",
    volume = "910",
    number = "1",
    pages = "4",
    year = "2021"
}

@article{IceCube_energy_reco:2013,
    author = "Aartsen, M. G. and others",
    collaboration = "IceCube",
    title = "{Energy Reconstruction Methods in the IceCube Neutrino Telescope}",
    eprint = "1311.4767",
    archivePrefix = "arXiv",
    doi = "10.1088/1748-0221/9/03/P03009",
    journal = "JINST",
    volume = "9",
    pages = "P03009",
    year = "2014"
}

@article{IceCube_6yr_cascade_spectrum:2020,
    author = "Aartsen, M. G. and others",
    collaboration = "IceCube",
    title = "{Characteristics of the diffuse astrophysical electron and tau neutrino flux with six years of IceCube high energy cascade data}",
    eprint = "2001.09520",
    archivePrefix = "arXiv",
    doi = "10.1103/PhysRevLett.125.121104",
    journal = "Phys. Rev. Lett.",
    volume = "125",
    number = "12",
    pages = "121104",
    year = "2020"
}

@article{IceCube_GRB_prompt:2014,
    author = "Aartsen, M. G. and others",
    collaboration = "IceCube",
    title = "{Search for Prompt Neutrino Emission from Gamma-Ray Bursts with IceCube}",
    eprint = "1412.6510",
    archivePrefix = "arXiv",
    doi = "10.1088/2041-8205/805/1/L5",
    journal = "Astrophys. J. Lett.",
    volume = "805",
    number = "1",
    pages = "L5",
    year = "2015"
}

@article{IceCube_GRB:2022,
    author = "Abbasi, R. and others",
    collaboration = "IceCube, Fermi Gamma-ray Burst Monitor",
    title = "{Searches for Neutrinos from Gamma-Ray Bursts Using the IceCube Neutrino Observatory}",
    eprint = "2205.11410",
    archivePrefix = "arXiv",
    doi = "10.3847/1538-4357/ac9785",
    journal = "Astrophys. J.",
    volume = "939",
    number = "2",
    pages = "116",
    year = "2022"
}

@article{IceCube_FRB:2017,
    author = "Aartsen, M. G. and others",
    collaboration = "IceCube",
    title = "{A Search for Neutrino Emission from Fast Radio Bursts with Six Years of IceCube Data}",
    eprint = "1712.06277",
    archivePrefix = "arXiv",
    doi = "10.3847/1538-4357/aab4f8",
    journal = "Astrophys. J.",
    volume = "857",
    number = "2",
    pages = "117",
    year = "2018"
}

@article{IceCube_FRB:2019,
    author = "Aartsen, M. G. and others",
    collaboration = "IceCube",
    title = "{A Search for MeV to TeV Neutrinos from Fast Radio Bursts with IceCube}",
    eprint = "1908.09997",
    archivePrefix = "arXiv",
    doi = "10.3847/1538-4357/ab564b",
    journal = "Astrophys. J.",
    volume = "890",
    number = "2",
    pages = "111",
    year = "2020"
}

@article{IceCube_FRB:2022,
    author = "Abbasi, R. and others",
    collaboration = "IceCube",
    title = "{A Search for Coincident Neutrino Emission from Fast Radio Bursts with Seven Years of IceCube Cascade Events}",
    eprint = "2212.06702",
    archivePrefix = "arXiv",
    month = "12",
    year = "2022"
}

@article{Fang_resolve_flux:2016,
    author = "Fang, Ke and Kotera, Kumiko and Miller, M. Coleman and Murase, Kohta and Oikonomou, Foteini",
    title = "{Identifying Ultrahigh-Energy Cosmic-Ray Accelerators with Future Ultrahigh-Energy Neutrino Detectors}",
    eprint = "1609.08027",
    archivePrefix = "arXiv",
    doi = "10.1088/1475-7516/2016/12/017",
    journal = "JCAP",
    volume = "12",
    pages = "017",
    year = "2016"
}

@article{IceCube_tau_Donglian:2015,
    author = "Aartsen, M. G. and others",
    collaboration = "IceCube",
    title = "{Search for Astrophysical Tau Neutrinos in Three Years of IceCube Data}",
    eprint = "1509.06212",
    archivePrefix = "arXiv",
    doi = "10.1103/PhysRevD.93.022001",
    journal = "Phys. Rev. D",
    volume = "93",
    number = "2",
    pages = "022001",
    year = "2016"
}

@article{IceCube_tau_Logan:2019,
    author = "Wille, Logan and Xu, Donglian",
    collaboration = "IceCube",
    title = "{Astrophysical Tau Neutrino Identification with IceCube Waveforms}",
    eprint = "1909.05162",
    archivePrefix = "arXiv",
    reportNumber = "PoS-ICRC2019-1036",
    doi = "10.22323/1.358.1036",
    journal = "PoS",
    volume = "ICRC2019",
    pages = "1036",
    year = "2020"
}

@article{IceCube_tau:2020,
    author = "Abbasi, R. and others",
    collaboration = "IceCube",
    title = "{Detection of astrophysical tau neutrino candidates in IceCube}",
    eprint = "2011.03561",
    archivePrefix = "arXiv",
    doi = "10.1140/epjc/s10052-022-10795-y",
    journal = "Eur. Phys. J. C",
    volume = "82",
    number = "11",
    pages = "1031",
    year = "2022"
}

@article{Baikal_double_cascade_tau:2023,
    author = "Eckerov\'a, Eli\v{s}ka and others",
    collaboration = "Baikal-GVD",
    title = "{Development of the Double Cascade Reconstruction Technique in the Baikal-GVD Neutrino Telescope}",
    doi = "10.22323/1.423.0099",
    journal = "PoS",
    volume = "ECRS",
    pages = "099",
    year = "2023"
}

@article{KM3NeT_double_cascade_tau:2021,
    author = "van Eeden, Thijs and Heijboer, Aart",
    collaboration = "KM3NeT",
    title = "{Double cascade reconstruction in KM3NeT/ARCA}",
    eprint = "2205.03613",
    archivePrefix = "arXiv",
    doi = "10.1088/1748-0221/16/09/C09021",
    journal = "JINST",
    volume = "16",
    number = "09",
    pages = "C09021",
    year = "2021"
}

@inproceedings{Tian_tau_double_pulse:2021,
    author = "Tian, Wei and Zhang, Fuyudi and Xu, Donglian",
    collaboration = "IceCube",
    title = "{Posterior Analysis on IceCube Double Pulse Tau Neutrino Candidates}",
    booktitle = "{37th International Cosmic Ray Conference}",
    eprint = "2108.05504",
    archivePrefix = "arXiv",
    reportNumber = "PoS-ICRC2021-1146",
    month = "8",
    year = "2021"
}

@article{IceCube_flux_flavor:2015,
    author = "Aartsen, M. G. and others",
    collaboration = "IceCube",
    title = "{A combined maximum-likelihood analysis of the high-energy astrophysical neutrino flux measured with IceCube}",
    eprint = "1507.03991",
    archivePrefix = "arXiv",
    doi = "10.1088/0004-637X/809/1/98",
    journal = "Astrophys. J.",
    volume = "809",
    number = "1",
    pages = "98",
    year = "2015"
}

@article{IceCube_inelestic_flavor:2018,
    author = "Aartsen, M. G. and others",
    collaboration = "IceCube",
    title = "{Measurements using the inelasticity distribution of multi-TeV neutrino interactions in IceCube}",
    eprint = "1808.07629",
    archivePrefix = "arXiv",
    doi = "10.1103/PhysRevD.99.032004",
    journal = "Phys. Rev. D",
    volume = "99",
    number = "3",
    pages = "032004",
    year = "2019"
}

@article{IceCube_flavor_Lorentz:2017,
    author = "Aartsen, M. G. and others",
    collaboration = "IceCube",
    title = "{Neutrino Interferometry for High-Precision Tests of Lorentz Symmetry with IceCube}",
    eprint = "1709.03434",
    archivePrefix = "arXiv",
    doi = "10.1038/s41567-018-0172-2",
    journal = "Nature Phys.",
    volume = "14",
    number = "9",
    pages = "961--966",
    year = "2018"
}

@article{IceCube_sterile:2016,
    author = "Aartsen, M. G. and others",
    collaboration = "IceCube",
    title = "{Searches for Sterile Neutrinos with the IceCube Detector}",
    eprint = "1605.01990",
    archivePrefix = "arXiv",
    doi = "10.1103/PhysRevLett.117.071801",
    journal = "Phys. Rev. Lett.",
    volume = "117",
    number = "7",
    pages = "071801",
    year = "2016"
}

@article{Arguelles_flavor_sterile:2019,
    author = {Arg\"uelles, Carlos A. and Farrag, Kareem and Katori, Teppei and Khandelwal, Rishabh and Mandalia, Shivesh and Salvado, Jordi},
    title = "{Sterile neutrinos in astrophysical neutrino flavor}",
    eprint = "1909.05341",
    archivePrefix = "arXiv",
    doi = "10.1088/1475-7516/2020/02/015",
    journal = "JCAP",
    volume = "02",
    pages = "015",
    year = "2020"
}

@article{Arguelles_flavor:2015,
    author = {Arg\"uelles, Carlos A. and Katori, Teppei and Salvado, Jordi},
    title = "{New Physics in Astrophysical Neutrino Flavor}",
    eprint = "1506.02043",
    archivePrefix = "arXiv",
    doi = "10.1103/PhysRevLett.115.161303",
    journal = "Phys. Rev. Lett.",
    volume = "115",
    pages = "161303",
    year = "2015"
}

@article{KM3NeT_reco:2017,
    author = "Melis, Karel and Heijboer, Aart and de Jong, Maarten",
    collaboration = "KM3NeT",
    title = "{KM3NeT/ARCA Event Reconstruction Algorithms}",
    doi = "10.22323/1.301.0950",
    journal = "PoS",
    volume = "ICRC2017",
    pages = "950",
    year = "2018"
}

@article{Baikal_cascade_events:2019,
    author = "Avrorin, A. D. and others",
    collaboration = "Baikal-GVD",
    title = "{Search for cascade events with Baikal-GVD}",
    eprint = "1908.05430",
    archivePrefix = "arXiv",
    doi = "10.22323/1.358.0873",
    journal = "PoS",
    volume = "ICRC2019",
    pages = "873",
    year = "2021"
}

@article{Baikal_track_reco:2021,
    author = "Allakhverdyan, V. A. and others",
    collaboration = "Baikal-GVD",
    title = "{Measuring muon tracks in Baikal-GVD using a fast reconstruction algorithm}",
    eprint = "2106.06288",
    archivePrefix = "arXiv",
    doi = "10.1140/epjc/s10052-021-09825-y",
    journal = "Eur. Phys. J. C",
    volume = "81",
    number = "11",
    pages = "1025",
    year = "2021"
}

@article{Baikal_cascade_reco:2022,
    author = "Avrorin, A. V. and others",
    title = "{Deep-Underwater Cherenkov Detector in Lake Baikal}",
    doi = "10.1134/S1063776122040148",
    journal = "J. Exp. Theor. Phys.",
    volume = "134",
    number = "4",
    pages = "399--416",
    year = "2022"
}

@article{Baikal_TXS:2022,
    author = "Allakhverdyan, V. A. and others",
    collaboration = "Baikal-GVD",
    title = "{High-energy neutrino-induced cascade from the direction of the flaring radio blazar TXS 0506+056 observed by the Baikal Gigaton Volume Detector in 2021}",
    eprint = "2210.01650",
    archivePrefix = "arXiv",
    month = "10",
    year = "2022"
}

@phdthesis{KM3NeT_acoustic_1:2022,
    author = "Guidi, Carlo",
    title = "{Acoustic positioning systems and passive acoustic monitoring of cetaceans with the KM3NeT underwater neutrino telescope}",
    doi = "10.15167/guidi-carlo_phd2022-01-25",
    school = "Genoa U.",
    year = "2022"
}

@phdthesis{KM3NeT_acoustic_2:2022,
    author = "Diego Tortosa, D\'\i{}dac",
    title = "{Positioning System and Acoustic Studies for the KM3NeT deep-sea neutrino telescope}",
    doi = "10.4995/Thesis/10251/188917",
    school = "Valencia U.",
    year = "2022"
}

@article{Baikal_acoustic:2021,
    author = "Avrorin, Alexander and others",
    collaboration = "Baikal-GVD",
    title = "{Positioning system for Baikal-GVD}",
    eprint = "2108.00212",
    archivePrefix = "arXiv",
    reportNumber = "PoS-ICRC2021-1083",
    doi = "10.22323/1.395.1083",
    journal = "PoS",
    volume = "ICRC2021",
    pages = "1083",
    year = "2021"
}

@article{current_simulation:2017,
    author = {Zhong, Yisen and Bracco, Annalisa and Tian, Jiwei and Dong, Jihai and Zhao, Wei and Zhang, Zhiwei},
    year = {2017},
    month = {03},
    pages = {44011},
    title = {Observed and simulated submesoscale vertical pump of an anticyclonic eddy in the South China Sea},
    volume = {7},
    journal = {Scientific Reports},
    doi = {10.1038/srep44011}
}

@article{vigano_sunflower:2009,
	title = {Sunflower Array Antenna with Adjustable Density Taper},
	volume = {2009},
	issn = {1687-5869},
	url = {https://www.hindawi.com/journals/ijap/2009/624035/},
	doi = {10.1155/2009/624035},
	pages = {e624035},
	journaltitle = {International Journal of Antennas and Propagation},
	author = {Viganó, Maria Carolina and Toso, Giovanni and Caille, Gerard and Mangenot, Cyril and Lager, Ioan E.},
	urldate = {2023-03-08},
	date = {2009-04-16},
	langid = {english},
	note = {Publisher: Hindawi},
}

@article{snowmass_flavor:2022,
    author = {Arg\"uelles, C. A. and others},
    title = "{Snowmass white paper: beyond the standard model effects on neutrino flavor: Submitted to the proceedings of the US community study on the future of particle physics (Snowmass 2021)}",
    eprint = "2203.10811",
    archivePrefix = "arXiv",
    doi = "10.1140/epjc/s10052-022-11049-7",
    journal = "Eur. Phys. J. C",
    volume = "83",
    number = "1",
    pages = "15",
    year = "2023"
}

%%%%%%%%%%%%%%%%%%%%%%%%%%%%%%%%%%%%%%%%%
% Site Characterization and optical properity measure results

@article{TRIDENT_pathfinder:2022,
    author = "Ye, Ziping and Hu, Fan and Tian, Wei and others",
    title = "{Proposal for a neutrino telescope in South China Sea}",
    eprint = "2207.04519",
    archivePrefix = "arXiv",
    month = "7",
    year = "2022"
}

@manual{pathfinder_simulation:2022,
    author = "Li, Wenlian and others",
    title = "The Light Source of the TRIDENT Pathfinder Experiment,  in preparation"
}

@manual{pathfinder_PMT:2022,
    author = "Zhang, Fuyudi and Hu, Fan and others",
    title = "Characterize the PMT System in the TRIDENT Pathfinder Experiment, in preparation"
}

@manual{pathfinder_light_source:2022,
    author = "Li, Wenlian and others",
    title = "The Light Source of the TRIDENT Pathfinder Experiment,  in preparation"
}

@manual{pathfinder_camera:2022,
    author = "Tian, Wei and others",
    title = "An optical property calibration system based on CMOS camera for deep sea neutrino telescopes, in preparation"
}




@article{ANTARES_biolumi:2021,
    author = "Reeb, N. and others",
    collaboration = "ANTARES",
    title = "{Studying Bioluminescence Flashes with the ANTARES Deep Sea Neutrino Telescope}",
    eprint = "2107.08063",
    archivePrefix = "arXiv",
    month = "7",
    year = "2021"
}

@article{Baikal_biolumi:2021,
    author = "Allakhverdyan, V. A. and others",
    title = "{The Baikal-GVD neutrino telescope as an instrument for studying Baikal water luminescence}",
    eprint = "2107.14211",
    archivePrefix = "arXiv",
    doi = "10.22323/1.395.1113",
    journal = "PoS",
    volume = "ICRC2021",
    pages = "1113",
    year = "2021"
}

@article{biolumi_modeling:2021,
       author = {{Meighen-Berger}, Stephan and {Ruohan}, Li and {Wimmer}, Golo},
        title = "{Bioluminescence modeling for deep sea experiments}",
      journal = {arXiv e-prints},
     keywords = {Quantitative Biology - Populations and Evolution},
         year = 2021,
        month = feb,
          eid = {arXiv:2103.03816},
        pages = {arXiv:2103.03816},
          doi = {10.48550/arXiv.2103.03816},
archivePrefix = {arXiv},
       eprint = {2103.03816},
       adsurl = {https://ui.adsabs.harvard.edu/abs/2021arXiv210303816M},
      adsnote = {Provided by the SAO/NASA Astrophysics Data System}
}

@article{OP_IceCube:2006,
    author = "Ackermann, M. and others",
    title = "{Optical properties of deep glacial ice at the South Pole}",
    doi = "10.1029/2005JD006687",
    journal = "J. Geophys. Res.",
    volume = "111",
    number = "D13",
    pages = "D13203",
    year = "2006"
}

@article{OP_IceCube:2013,
    author = "Aartsen, M. G. and others",
    collaboration = "IceCube",
    title = "{Measurement of South Pole ice transparency with the IceCube LED calibration system}",
    eprint = "1301.5361",
    archivePrefix = "arXiv",
    doi = "10.1016/j.nima.2013.01.054",
    journal = "Nucl. Instrum. Meth. A",
    volume = "711",
    pages = "73--89",
    year = "2013"
}

@article{OP_KM3NeT_LAMS:2011,
    author = "Anassontzis, E. G. and others",
    editor = "Anassontzis, E. G. and Rapidis, P. A. and Resvanis, L. K.",
    collaboration = "KM3NeT",
    title = "{Light transmission measurements with LAMS in the Mediterranean Sea}",
    doi = "10.1016/j.nima.2010.06.353",
    journal = "Nucl. Instrum. Meth. A",
    volume = "626-627",
    pages = "S120--S123",
    year = "2011"
}


@article{OP_NEMO:2006,
    author = "Riccobene, G. and Capone, A.",
    collaboration = "NEMO",
    title = "{Deep seawater inherent optical properties in the Southern Ionian Sea}",
    eprint = "astro-ph/0603701",
    archivePrefix = "arXiv",
    doi = "10.1016/j.astropartphys.2006.08.006",
    journal = "Astropart. Phys.",
    volume = "27",
    pages = "1--9",
    year = "2007"
}

@ARTICLE{OP_Grace:2018,
       author = {{Balasi}, Konstantia G. and {Lenis}, Dimitrios and {Maniatis}, Manolis and {Maragos}, Nikolaos and {Stavropoulos}, Georgios},
        title = "{A method for measuring the optical parameters of deep-sea water}",
      journal = {Frontiers in Physics},
     keywords = {neutrino, Underwater telescope, Undersea Cherenkov detectors, Sea water properties, Absorption and transmission of light},
         year = 2018,
        month = nov,
       volume = {6},
          eid = {132},
        pages = {132},
          doi = {10.3389/fphy.2018.00132},
       adsurl = {https://ui.adsabs.harvard.edu/abs/2018FrP.....6..132S},
      adsnote = {Provided by the SAO/NASA Astrophysics Data System}
}

@article{OP_Baikal:2012,
    author = "Avrorin, A. and others",
    title = "{Asp-15: A stationary device for the measurement of the optical water properties at the NT200 neutrino telescope site}",
    doi = "10.1016/j.nima.2012.06.035",
    journal = "Nucl. Instrum. Meth. A",
    volume = "693",
    pages = "186--194",
    year = "2012"
}

@article{OP_ANTARES:2004,
    author = "Aguilar, J. A. and others",
    collaboration = "ANTARES",
    title = "{Transmission of light in deep sea water at the site of the ANTARES Neutrino Telescope}",
    eprint = "astro-ph/0412126",
    archivePrefix = "arXiv",
    reportNumber = "DAPNIA-04-90",
    doi = "10.1016/j.astropartphys.2004.11.006",
    journal = "Astropart. Phys.",
    volume = "23",
    pages = "131--155",
    year = "2005"
}

@article{OP_P-One:2021,
    author = "Bailly, Nicolai and others",
    title = "{Two-year optical site characterization for the Pacific Ocean Neutrino Experiment (P-ONE) in the Cascadia Basin}",
    eprint = "2108.04961",
    archivePrefix = "arXiv",
    doi = "10.1140/epjc/s10052-021-09872-5",
    journal = "Eur. Phys. J. C",
    volume = "81",
    number = "12",
    pages = "1071",
    year = "2021"
}

@inbook{book_for_optical:1998,
    publisher = {John Wiley \& Sons, Ltd},
    author = {Bohren, Craig F. and Huffman, Donald R.},
    isbn = {9783527618156},
    title = {Absorption and Scattering of Light by Small Particles},
    chapter = {1},
    pages = {1-11},
    doi = {https://doi.org/10.1002/9783527618156.ch1},
    year = {1998},
    keywords = {light scattering, absorption, fluctuations, particles, electromagnetic waves},
    abstract = {Summary This chapter contains sections titled: Physical Basis for Scattering and Absorption Scattering by Fluctuations and by Particles Physics of Scattering by a Single Particle Collections of Particles The Direct and Inverse Problem}
}

@ARTICLE{Henyey_Greenstein:1941,
       author = {{Henyey}, L.~G. and {Greenstein}, J.~L.},
        title = "{Diffuse radiation in the Galaxy.}",
      journal = {Astrophysical Journal},
         year = 1941,
        month = jan,
       volume = {93},
        pages = {70-83},
          doi = {10.1086/144246},
       adsurl = {https://ui.adsabs.harvard.edu/abs/1941ApJ....93...70H},
      adsnote = {Provided by the SAO/NASA Astrophysics Data System}
}

@article{Beer_Lambert_law:2020,
  title={The bouguer-beer-Lambert law: Shining light on the obscure},
  author={Mayerh{\"o}fer, Thomas G and Pahlow, Susanne and Popp, J{\"u}rgen},
  journal={ChemPhysChem},
  volume={21},
  number={18},
  pages={2029--2046},
  year={2020},
  doi={10.1002/cphc.202000464},
  publisher={Wiley Online Library}
}

@article{inelastic_scattering:2003,
  title={Inelastic scattering in ocean water and its impact on trace gas retrievals from satellite data},
  author={Vountas, M and Richter, A and Wittrock, F and Burrows, JP},
  journal={Atmospheric Chemistry and Physics},
  volume={3},
  number={5},
  pages={1365--1375},
  year={2003},
  publisher={Copernicus GmbH}
}

% Optical properity measure results
%%%%%%%%%%%%%%%%%%%%%%%%%%%%%%%%%%%%%%%%%


%%%%%%%%%%%%%%%%%%%%%%%%%%%%%%%%%%%%%%%%%
% Telescope white papers

@article{DUMAND:1992,
    author = "Roberts, A.",
    title = "{The Birth of high-energy neutrino astronomy: A Personal history of the DUMAND project}",
    doi = "10.1103/RevModPhys.64.259",
    journal = "Rev. Mod. Phys.",
    volume = "64",
    pages = "259--312",
    year = "1992"
}

@article{AMANDA:1999,
    author = "Andres, E. and others",
    title = "{The AMANDA neutrino telescope: Principle of operation and first results}",
    eprint = "astro-ph/9906203",
    archivePrefix = "arXiv",
    reportNumber = "DESY-99-073",
    doi = "10.1016/S0927-6505(99)00092-4",
    journal = "Astropart. Phys.",
    volume = "13",
    pages = "1--20",
    year = "2000"
}

@article{ANTARES:2011,
    author = "Ageron, M. and others",
    collaboration = "ANTARES",
    title = "{ANTARES: the first undersea neutrino telescope}",
    eprint = "1104.1607",
    archivePrefix = "arXiv",
    doi = "10.1016/j.nima.2011.06.103",
    journal = "Nucl. Instrum. Meth. A",
    volume = "656",
    pages = "11--38",
    year = "2011"
}

@article{ANTARES_highlights:2022,
    author = "Spurio, Maurizio",
    collaboration = "ANTARES",
    title = "{Highlights from the ANTARES neutrino telescope}",
    doi = "10.22323/1.421.0053",
    journal = "PoS",
    volume = "NOW2022",
    pages = "053",
    year = "2023"
}

@article{NT_200:1997,
    author = "Belolaptikov, I. A. and others",
    collaboration = "BAIKAL",
    title = "{The Baikal underwater neutrino telescope: Design, performance and first results}",
    reportNumber = "DESY-97-033, BAIKAL-NOTE-97-01",
    doi = "10.1016/S0927-6505(97)00022-4",
    journal = "Astropart. Phys.",
    volume = "7",
    pages = "263--282",
    year = "1997"
}

@article{BAIKAL_design:1997,
    author = "Belolaptikov, I. A. and others",
    collaboration = "BAIKAL",
    title = "{The Baikal underwater neutrino telescope: Design, performance and first results}",
    reportNumber = "DESY-97-033, BAIKAL-NOTE-97-01",
    doi = "10.1016/S0927-6505(97)00022-4",
    journal = "Astropart. Phys.",
    volume = "7",
    pages = "263--282",
    year = "1997"
}

@article{Baikal_status:2022,
    author = "Avrorin, A. V. and others",
    title = "{Deep-Underwater Cherenkov Detector in Lake Baikal}",
    doi = "10.1134/S1063776122040148",
    journal = "J. Exp. Theor. Phys.",
    volume = "134",
    number = "4",
    pages = "399--416",
    year = "2022"
}

@article{P-ONE:2020,
    author = "Agostini, Matteo and others",
    collaboration = "P-ONE",
    title = "{The Pacific Ocean Neutrino Experiment}",
    eprint = "2005.09493",
    archivePrefix = "arXiv",
    doi = "10.1038/s41550-020-1182-4",
    journal = "Nature Astron.",
    volume = "4",
    number = "10",
    pages = "913--915",
    year = "2020"
}
@article{P-ONE_ICRC:2021,
    author = "Resconi, Elisa",
    collaboration = "P-ONE",
    title = "{The Pacific Ocean Neutrino Experiment}",
    eprint = "2111.13133",
    archivePrefix = "arXiv",
    doi = "10.22323/1.395.0024",
    journal = "PoS",
    volume = "ICRC2021",
    pages = "024",
    year = "2022"
}
@article{P-ONE_ONC:2010,
    author = {Barnes, Christopher and Best, M.M.R. and Johnson, F.R. and Pirenne, Benoît},
    year = {2010},
    month = {01},
    pages = {89-96},
    title = {Final installation and initial operation of the world's first regional cabled ocean observatory (NEPTUNE Canada)},
    volume = {38},
    journal = {Canadian Meteorological and Oceanographic Society Bulletin}
}

@article{IceCube_deepcore:2011,
    author = "Abbasi, R. and others",
    collaboration = "IceCube",
    title = "{The Design and Performance of IceCube DeepCore}",
    eprint = "1109.6096",
    archivePrefix = "arXiv",
    doi = "10.1016/j.astropartphys.2012.01.004",
    journal = "Astropart. Phys.",
    volume = "35",
    pages = "615--624",
    year = "2012"
}

@article{IceTop:2012,
    author = "Abbasi, R. and others",
    collaboration = "IceCube",
    title = "{IceTop: The surface component of IceCube}",
    eprint = "1207.6326",
    archivePrefix = "arXiv",
    primaryClass = "astro-ph.IM",
    doi = "10.1016/j.nima.2012.10.067",
    journal = "Nucl. Instrum. Meth. A",
    volume = "700",
    pages = "188--220",
    year = "2013"
}

@article{IceTop_measurement:2013,
    author = "Aartsen, M. G. and others",
    collaboration = "IceCube",
    title = "{Measurement of the cosmic ray energy spectrum with IceTop-73}",
    eprint = "1307.3795",
    archivePrefix = "arXiv",
    primaryClass = "astro-ph.HE",
    doi = "10.1103/PhysRevD.88.042004",
    journal = "Phys. Rev. D",
    volume = "88",
    number = "4",
    pages = "042004",
    year = "2013"
}

@article{KM3Net_letter_of_intent:2016,
    author = "Adrian-Martinez, S. and others",
    collaboration = "KM3Net",
    title = "{Letter of intent for KM3NeT 2.0}",
    eprint = "1601.07459",
    archivePrefix = "arXiv",
    doi = "10.1088/0954-3899/43/8/084001",
    journal = "J. Phys. G",
    volume = "43",
    number = "8",
    pages = "084001",
    year = "2016"
}

@article{IceCube-upgrade:2019,
    author = "Ishihara, Aya",
    collaboration = "IceCube",
    title = "{The IceCube Upgrade - Design and Science Goals}",
    eprint = "1908.09441",
    archivePrefix = "arXiv",
    reportNumber = "PoS-ICRC2019-1031",
    doi = "10.22323/1.358.1031",
    journal = "PoS",
    volume = "ICRC2019",
    pages = "1031",
    year = "2021"
}

@article{IceCube-Gen2_radio:2021,
    author = "Abbasi, Rasha and others",
    collaboration = "IceCube-Gen2",
    title = "{Sensitivity studies for the IceCube-Gen2 radio array}",
    eprint = "2107.08910",
    archivePrefix = "arXiv",
    reportNumber = "PoS-ICRC2021-1183",
    doi = "10.22323/1.395.1183",
    journal = "PoS",
    volume = "ICRC2021",
    pages = "1183",
    year = "2021"
}


% Telescope white papers
%%%%%%%%%%%%%%%%%%%%%%%%%%%%%%%%%%%%%%%%%

%%%%%%%%%%%%%%%%%%%%%%%%%%%%%%%%%%%%%%%%%%%%%
% DOMs

@article{nuclear_medical_imaging:2009,
	title = {Novel detector technology for clinical {PET}},
	volume = {36},
	issn = {1619-7089},
	url = {https://doi.org/10.1007/s00259-008-1054-0},
	doi = {10.1007/s00259-008-1054-0},
	abstract = {Positron emission tomography ({PET}) is the most sensitive of all medical imaging modalities for quantitatively probing biologic processes at the molecular level. However, spatial resolution in {PET} is significantly inferior to that of other imaging modalities that can provide exquisite images of the anatomy, such as X-ray computed tomography ({CT}) or magnetic resonance ({MR}) imaging.},
	pages = {69--85},
	number = {1},
	journaltitle = {European Journal of Nuclear Medicine and Molecular Imaging},
	shortjournal = {Eur J Nucl Med Mol Imaging},
	author = {Lecomte, Roger},
	urldate = {2023-03-13},
	date = {2009-03-01},
	langid = {english},
	keywords = {Multi-modality imaging, Positron emission tomography, Radiation detectors},
	file = {Full Text PDF:C\:\\Users\\Fan\\Documents\\我的坚果云\\Zotero\\storage\\92G5VGKU\\Lecomte - 2009 - Novel detector technology for clinical PET.pdf:application/pdf},
}


@article{sipm_lidar:2013,
	title = {Lidar with {SiPM}: Some capabilities and limitations in real environment},
	volume = {49},
	issn = {0030-3992},
	url = {https://www.sciencedirect.com/science/article/pii/S0030399212005750},
	doi = {https://doi.org/10.1016/j.optlastec.2012.12.024},
	pages = {86--90},
	journaltitle = {Optics \& Laser Technology},
	author = {Agishev, Ravil and Comerón, Adolfo and Bach, Jordi and Rodriguez, Alejandro and Sicard, Michaël and Riu, Jordi and Royo, Santiago},
	date = {2013},
	keywords = {Lidar, {PMT}, {SiPM}},
}

@article{SiPM_CEPC:2020,
    author = "Jiang, Jiechen and Zhao, Shensen and Niu, Yazhou and Shi, Yukun and Liu, Yong and Han, Dejun and Hu, Tao and Yu, Boxiang",
    title = "{Study of SiPM for CEPC-AHCAL}",
    doi = "10.1016/j.nima.2020.164481",
    journal = "Nucl. Instrum. Meth. A",
    volume = "980",
    pages = "164481",
    year = "2020"
}

@article{JUNO-TAO:2023,
    author = "Lombardo, C.",
    title = "{Overview of the JUNO-TAO detector}",
    doi = "10.1016/j.nima.2023.168030",
    journal = "Nucl. Instrum. Meth. A",
    volume = "1048",
    pages = "168030",
    year = "2023"
}

@article{understanding_sipm:2019,
	title = {Understanding and simulating {SiPMs}},
	volume = {926},
	issn = {01689002},
	url = {https://linkinghub.elsevier.com/retrieve/pii/S0168900218317704},
	doi = {10.1016/j.nima.2018.11.118},
	pages = {16--35},
	journaltitle = {Nuclear Instruments and Methods in Physics Research Section A: Accelerators, Spectrometers, Detectors and Associated Equipment},
	shortjournal = {Nuclear Instruments and Methods in Physics Research Section A: Accelerators, Spectrometers, Detectors and Associated Equipment},
	author = {Acerbi, Fabio and Gundacker, Stefan},
	urldate = {2020-10-12},
	date = {2019-05},
	langid = {english},
}

@article{MCP-PMT:2022,
    doi = {10.1088/1748-0221/17/04/T04002},
    url = {https://dx.doi.org/10.1088/1748-0221/17/04/T04002},
    year = {2022},
    month = {04},
    publisher = {IOP Publishing},
    volume = {17},
    number = {04},
    pages = {T04002},
    author = {Q. Wu and Y. Cao and G. Huang and Z. Hua and M. Jin and Z. Jin and D. Li and K. Li and S. Liu and L. Ma and S. Qian and L. Ren and S. Si and J. Sun and X. Wang and Y. Wang and M. Yan and H. Zhang and Y. Zhu},
    title = {R&amp;D of ultra-fast 8 × 8 anodes MCP-PMT},
journal = {Journal of Instrumentation},
}

@article{LAPPD:2016,
    author = "Adams, B. W. and others",
    collaboration = "LAPPD",
    title = "{A Brief Technical History of the Large-Area Picosecond Photodetector (LAPPD) Collaboration}",
    eprint = "1603.01843",
    archivePrefix = "arXiv",
    reportNumber = "FERMILAB-PUB-16-142-PPD",
    month = "3",
    year = "2016"
}

@article{SiPM_measurement:2022,
    author = "Wang, T. A. and Guo, C. and Liang, X. H. and Wang, L. and Guan, M. Y. and Yang, C. G. and Liu, J. C. and Lin, F. Y.",
    title = "{Characterization of two SiPM arrays from Hamamatsu and Onsemi for liquid argon detector}",
    eprint = "2210.15970",
    archivePrefix = "arXiv",
    month = "10",
    year = "2022"
}

@article{KM3NeT_mDOM:2014,
    author = "Adri\'an-Mart\'\i{}nez, S. and others",
    collaboration = "KM3NeT",
    title = "{Deep sea tests of a prototype of the KM3NeT digital optical module}",
    eprint = "1405.0839",
    archivePrefix = "arXiv",
    doi = "10.1140/epjc/s10052-014-3056-3",
    journal = "Eur. Phys. J. C",
    volume = "74",
    number = "9",
    pages = "3056",
    year = "2014"
}

@article{KM3NeT_mDOM:2015,
    author = "Bruijn, R and van Eijk, Daan",
    collaboration = "KM3NeT",
    title = "{The KM3NeT Multi-PMT Digital Optical Module}",
    doi = "10.22323/1.236.1157",
    journal = "PoS",
    volume = "ICRC2015",
    pages = "1157",
    year = "2016"
}

@article{KM3NeT_mDOM:2022,
    author = "Aiello, S. and others",
    collaboration = "KM3NeT",
    title = "{The KM3NeT multi-PMT optical module}",
    eprint = "2203.10048",
    archivePrefix = "arXiv",
    doi = "10.1088/1748-0221/17/07/P07038",
    journal = "JINST",
    volume = "17",
    number = "07",
    pages = "P07038",
    year = "2022"
}

@article{KM3NeT_PMT:2018,
    author = "Aiello, S. and others",
    collaboration = "KM3NeT",
    title = "{Characterisation of the Hamamatsu photomultipliers for the KM3NeT Neutrino Telescope}",
    doi = "10.1088/1748-0221/13/05/P05035",
    journal = "JINST",
    volume = "13",
    number = "05",
    pages = "P05035",
    year = "2018"
}

@article{IceCube_PMT:2019,
    author = "Unland Elorrieta, M. A. and Classen, L. and Reubelt, J. and Schmiemann, S. and Schneider, J. and Kappes, A.",
    title = "{Characterisation of the Hamamatsu R12199-01 HA MOD photomultiplier tube for low temperature applications}",
    eprint = "1902.01714",
    archivePrefix = "arXiv",
    doi = "10.1088/1748-0221/14/03/P03015",
    journal = "JINST",
    volume = "14",
    number = "03",
    pages = "P03015",
    year = "2019"
}

@article{JUNO_PMT:2022,
    author = "Abusleme, Angel and others",
    collaboration = "JUNO",
    title = "{Mass testing and characterization of 20-inch PMTs for JUNO}",
    eprint = "2205.08629",
    archivePrefix = "arXiv",
    doi = "10.1140/epjc/s10052-022-11002-8",
    journal = "Eur. Phys. J. C",
    volume = "82",
    number = "12",
    pages = "1168",
    year = "2022"
}


@article{IceCube_D-Egg:2022,
    author = "Abbasi, R. and others",
    collaboration = "IceCube",
    title = "{D-Egg: a Dual PMT Optical Module for IceCube}",
    eprint = "2212.14526",
    archivePrefix = "arXiv",
    month = "12",
    year = "2022"
}

@article{IceCube_upgrade_mDOM:2021,
    author = "Abbasi, Rasha and others",
    collaboration = "IceCube",
    title = "{Design and performance of the multi-PMT optical module for IceCube Upgrade}",
    eprint = "2107.11383",
    archivePrefix = "arXiv",
    reportNumber = "PoS-ICRC2021-1070",
    doi = "10.22323/1.395.1070",
    journal = "PoS",
    volume = "ICRC2021",
    pages = "1070",
    year = "2021"
}

@article{IceCube-Gen2_mDOM:2021,
    author = "Basu, V.",
    collaboration = "IceCube-Gen2",
    title = "{A multi-PMT optical sensor for IceCube-Gen2}",
    doi = "10.1088/1748-0221/16/11/C11009",
    journal = "JINST",
    volume = "16",
    number = "11",
    pages = "C11009",
    year = "2021"
}

@article{IceCube-Gen2_VLVnT:2021,
    author = "Clark, Brian",
    collaboration = "IceCube-Gen2",
    title = "{The IceCube-Gen2 Neutrino Observatory}",
    eprint = "2108.05292",
    archivePrefix = "arXiv",
    doi = "10.1088/1748-0221/16/10/C10007",
    journal = "JINST",
    volume = "16",
    number = "10",
    pages = "C10007",
    year = "2021"
}

@article{KM3NeT_mDOM_cone:2013,
    author = "Adrian-Martinez, S. and others",
    collaboration = "KM3NeT",
    title = "{Expansion cone for the 3-inch PMTs of the KM3NeT optical modules}",
    doi = "10.1088/1748-0221/8/03/T03006",
    journal = "JINST",
    volume = "8",
    pages = "T03006",
    year = "2013"
}

@article{IceCube-Gen2_gel_pad:2021,
    author = "Shimizu, Nobuhiro and others",
    collaboration = "IceCube-Gen2",
    title = "{Performance studies for a next-generation optical sensor for IceCube-Gen2}",
    eprint = "2108.05548",
    archivePrefix = "arXiv",
    reportNumber = "PoS-ICRC2021-1041",
    doi = "10.22323/1.395.1041",
    journal = "PoS",
    volume = "ICRC2021",
    pages = "1041",
    year = "2021"
}

@article{hDOM:2021,
    author = "Hu, Fan and Li, Zhuo and Xu, Donglian",
    title = "{Exploring a PMT+SiPM hybrid optical module for next generation neutrino telescopes}",
    eprint = "2108.05515",
    archivePrefix = "arXiv",
    reportNumber = "PoS-ICRC2021-1043",
    doi = "10.22323/1.395.1043",
    journal = "PoS",
    volume = "ICRC2021",
    pages = "1043",
    year = "2021"
}

% DOMs
%%%%%%%%%%%%%%%%%%%%%%%%%%%%%%%%%%%%%%%%%%%%%


@article{KM3NeT_deployment:2020,
    author = "Aiello, S. and others",
    collaboration = "KM3NeT",
    title = "{Deep-sea deployment of the KM3NeT neutrino telescope detection units by self-unrolling}",
    eprint = "2007.16090",
    archivePrefix = "arXiv",
    doi = "10.1088/1748-0221/15/11/P11027",
    journal = "JINST",
    volume = "15",
    number = "11",
    pages = "P11027",
    year = "2020"
}

@phdthesis{Herold:2017,
    author = {Herold, Bj\"orn},
    title = "{Simulation and Measurement of Optical Background in the Deep Sea Using a Multi-PMT Optical Module}",
    school = "Erlangen - Nuremberg U.",
    year = "2017"
}

@phdthesis{Kopper:2010,
    author = "Kopper, Claudio",
    title = "{Performance Studies for the KM3NeT Neutrino Telescope}",
    reportNumber = "ECAP-2010-003",
    school = "Erlangen - Nuremberg U.",
    year = "2010"
}

@article{atmos_muon_depth:1998,
    author = "Bugaev, E. V. and Misaki, A. and Naumov, Vadim A. and Sinegovskaya, T. S. and Sinegovsky, S. I. and Takahashi, N.",
    title = "{Atmospheric muon flux at sea level, underground and underwater}",
    eprint = "hep-ph/9803488",
    archivePrefix = "arXiv",
    doi = "10.1103/PhysRevD.58.054001",
    journal = "Phys. Rev. D",
    volume = "58",
    pages = "054001",
    year = "1998"
}

@article{KM3NeT_atmos_muon:2019,
    author = "Ageron, M. and others",
    collaboration = "KM3NeT",
    title = "{Dependence of atmospheric muon flux on seawater depth measured with the first KM3NeT detection units: The KM3NeT Collaboration}",
    eprint = "1906.02704",
    archivePrefix = "arXiv",
    doi = "10.1140/epjc/s10052-020-7629-z",
    journal = "Eur. Phys. J. C",
    volume = "80",
    number = "2",
    pages = "99",
    year = "2020"
}

@article{atmos_muon_measurement:2012,
    author = "Cecchini, Stefano and Spurio, Maurizio",
    title = "{Atmospheric muons: experimental aspects}",
    eprint = "1208.1171",
    archivePrefix = "arXiv",
    month = "8",
    year = "2012"
}


@inproceedings{KM3NeT_spacing:2013,
    author = "De Jong, M.",
    title = "{KM3NeT: The next generation neutrino telescope}",
    booktitle = "{33rd International Cosmic Ray Conference}",
    pages = "0891",
    year = "2013"
}


@article{IceCube_monopole:2021,
    author = "Abbasi, R. and others",
    collaboration = "IceCube",
    title = "{Search for Relativistic Magnetic Monopoles with Eight Years of IceCube Data}",
    eprint = "2109.13719",
    archivePrefix = "arXiv",
    doi = "10.1103/PhysRevLett.128.051101",
    journal = "Phys. Rev. Lett.",
    volume = "128",
    number = "5",
    pages = "051101",
    year = "2022"
}

@article{Ahlers_long_lived_particle:2006,
    author = {Ahlers, Markus and Kersten, J\"orn and Ringwald, Andreas},
    title = "{Long-lived staus at neutrino telescopes}",
    eprint = "hep-ph/0604188",
    archivePrefix = "arXiv",
    reportNumber = "DESY-06-046",
    doi = "10.1088/1475-7516/2006/07/005",
    journal = "JCAP",
    volume = "07",
    pages = "005",
    year = "2006"
}


%%%%%%%%%%%%%%%%%%%%%%%%%%%%%%%%%%%%%%%%%
% DIS
@article{CS_Formaggio:2012,
    author = "Formaggio, J. A. and Zeller, G. P.",
    title = "{From eV to EeV: Neutrino Cross Sections Across Energy Scales}",
    eprint = "1305.7513",
    archivePrefix = "arXiv",
    reportNumber = "FERMILAB-PUB-12-785-E",
    doi = "10.1103/RevModPhys.84.1307",
    journal = "Rev. Mod. Phys.",
    volume = "84",
    pages = "1307--1341",
    year = "2012"
}

@article{Bertone_DIS:2019,
	title = {Neutrino Telescopes as {QCD} Microscopes},
	volume = {2019},
	issn = {1029-8479},
	url = {http://arxiv.org/abs/1808.02034},
	doi = {10.1007/JHEP01(2019)217},
	pages = {217},
	number = {1},
	journaltitle = {Journal of High Energy Physics},
	shortjournal = {J. High Energ. Phys.},
	author = {Bertone, Valerio and Gauld, Rhorry and Rojo, Juan},
	urldate = {2022-11-18},
	date = {2019-01},
	eprinttype = {arxiv},
	eprint = {1808.02034 [astro-ph, physics:hep-ph]},
	keywords = {Astrophysics - High Energy Astrophysical Phenomena, High Energy Physics - Phenomenology},
}

@article{Sarkar_DIS:2011,
    author = "Cooper-Sarkar, Amanda and Mertsch, Philipp and Sarkar, Subir",
    title = "{The high energy neutrino cross-section in the Standard Model and its uncertainty}",
    eprint = "1106.3723",
    archivePrefix = "arXiv",
    doi = "10.1007/JHEP08(2011)042",
    journal = "JHEP",
    volume = "08",
    pages = "042",
    year = "2011"
}

@article{IceCube_cross_section:2020,
    author = "Abbasi, R. and others",
    collaboration = "IceCube",
    title = "{Measurement of the high-energy all-flavor neutrino-nucleon
cross section with IceCube}",
    eprint = "2011.03560",
    archivePrefix = "arXiv",
    doi = "10.1103/PhysRevD.104.022001",
    month = "11",
    year = "2020"
}

@article{NNPDF_PDF:2017,
    author = "Ball, Richard D. and others",
    collaboration = "NNPDF",
    title = "{Parton distributions from high-precision collider data}",
    eprint = "1706.00428",
    archivePrefix = "arXiv",
    reportNumber = "EDINBURGH-2017-08, NIKHEF-2017-006, OUTP-17-04P, TIF-UNIMI-2017-3, CAVENDISH-HEP-17-06, CERN-TH-2017-077, Edinburgh 2017/08,
  Nikhef/2017-006, OUTP-17-04P,TIF-UNIMI-2017-3",
    doi = "10.1140/epjc/s10052-017-5199-5",
    journal = "Eur. Phys. J. C",
    volume = "77",
    number = "10",
    pages = "663",
    year = "2017"
}

@article{Soper_PDF:1997,
    title = {Parton distribution functions},
    journal = {Nuclear Physics B - Proceedings Supplements},
    volume = {53},
    number = {1},
    pages = {69-80},
    year = {1997},
    note = {Lattice 96},
    issn = {0920-5632},
    doi = {https://doi.org/10.1016/S0920-5632(96)00600-7},
    url = {https://www.sciencedirect.com/science/article/pii/S0920563296006007},
    author = {Davison E. Soper},
}
% DIS
%%%%%%%%%%%%%%%%%%%%%%%%%%%%%%%%%%


%%%%%%%%%%%%%%%%%%%%%%%%%%%%%%%%%%
% Simulation softwares
@article{GEANT4:2003,
    author = "Agostinelli, S. and others",
    collaboration = "GEANT4",
    title = "{GEANT4--a simulation toolkit}",
    reportNumber = "SLAC-PUB-9350, FERMILAB-PUB-03-339, CERN-IT-2002-003",
    doi = "10.1016/S0168-9002(03)01368-8",
    journal = "Nucl. Instrum. Meth. A",
    volume = "506",
    pages = "250--303",
    year = "2003"
}

@article{GEANT4:2006,
    author = "Allison, John and others",
    title = "{Geant4 developments and applications}",
    reportNumber = "SLAC-PUB-11870",
    doi = "10.1109/TNS.2006.869826",
    journal = "IEEE Trans. Nucl. Sci.",
    volume = "53",
    pages = "270",
    year = "2006"
}


@article{Pythia8.2:2014,
    author = {Sj\"ostrand, Torbj\"orn and Ask, Stefan and Christiansen, Jesper R. and Corke, Richard and Desai, Nishita and Ilten, Philip and Mrenna, Stephen and Prestel, Stefan and Rasmussen, Christine O. and Skands, Peter Z.},
    title = "{An introduction to PYTHIA 8.2}",
    eprint = "1410.3012",
    archivePrefix = "arXiv",
    reportNumber = "LU-TP-14-36, MCNET-14-22, CERN-PH-TH-2014-190, FERMILAB-PUB-14-316-CD, DESY-14-178, SLAC-PUB-16122",
    doi = "10.1016/j.cpc.2015.01.024",
    journal = "Comput. Phys. Commun.",
    volume = "191",
    pages = "159--177",
    year = "2015"
}

@article{Pythia8.3:2022,
    author = "Bierlich, Christian and others",
    title = "{A comprehensive guide to the physics and usage of PYTHIA 8.3}",
    eprint = "2203.11601",
    archivePrefix = "arXiv",
    reportNumber = "LU-TP 22-16, MCNET-22-04, FERMILAB-PUB-22-227-SCD",
    doi = "10.21468/SciPostPhysCodeb.8",
    month = "3",
    year = "2022"
}

@article{PROPOSAL:2013,
    author = "Koehne, J. H. and Frantzen, K. and Schmitz, M. and Fuchs, T. and Rhode, W. and Chirkin, D. and Becker Tjus, J.",
    title = "{PROPOSAL: A tool for propagation of charged leptons}",
    doi = "10.1016/j.cpc.2013.04.001",
    journal = "Comput. Phys. Commun.",
    volume = "184",
    pages = "2070--2090",
    year = "2013"
}

@article{PROPOSAL:2019,
    title       = {Recent Improvements for the Lepton Propagator PROPOSAL},
    author      = {Dunsch, Mario and
                 Soedingrekso, Jan and
                 Sandrock, Alexander and
                 Meier, Max and
                 Menne, Thorben and
                 Rhode, Wolfgang},
    journal     = {Computer Physics Communications},
    volume      = {242},
    pages       = {132--144},
    year        = {2019},
    eprint      = {1809.07740},
    eprinttype  = {arXiv},
    eprintclass = {hep-ph},
    doi         = {10.1016/j.cpc.2019.03.021}
}

@article{Opticks:2019,
    author = "Blyth, Simon",
    editor = "Forti, A. and Betev, L. and Litmaath, M. and Smirnova, O. and Hristov, P.",
    title = "{Opticks : GPU Optical Photon Simulation for Particle Physics using NVIDIA\textregistered{} OptiXTM}",
    doi = "10.1051/epjconf/201921402027",
    journal = "EPJ Web Conf.",
    volume = "214",
    pages = "02027",
    year = "2019"
}

@article{CORSIKA7:1998,
    author = "Heck, D. and Knapp, J. and Capdevielle, J. N. and Schatz, G. and Thouw, T.",
    title = "{CORSIKA: A Monte Carlo code to simulate extensive air showers}",
    reportNumber = "FZKA-6019",
    month = "2",
    year = "1998"
}

@article{CORSIKA8:2018,
    author = "Engel, Ralph and Heck, Dieter and Huege, Tim and Pierog, Tanguy and Reininghaus, Maximilian and Riehn, Felix and Ulrich, Ralf and Unger, Michael and Veberi\v{c}, Darko",
    title = "{Towards a Next Generation of CORSIKA: A Framework for the Simulation of Particle Cascades in Astroparticle Physics}",
    eprint = "1808.08226",
    archivePrefix = "arXiv",
    doi = "10.1007/s41781-018-0013-0",
    journal = "Comput. Softw. Big Sci.",
    volume = "3",
    number = "1",
    pages = "2",
    year = "2019"
}

@inproceedings{CORSIKA8:2022,
    author = "Huege, Tim",
    collaboration = "CORSIKA",
    title = "{CORSIKA 8 -- the next-generation air shower simulation framework}",
    booktitle = "{21st International Symposium on Very High Energy Cosmic Ray Interactions}",
    eprint = "2208.14240",
    archivePrefix = "arXiv",
    month = "8",
    year = "2022"
}

@article{HepMC3:2019,
    author = {Buckley, Andy and Ilten, Philip and Konstantinov, Dmitri and L\"onnblad, Leif and Monk, James and Pokorski, Witold and Przedzinski, Tomasz and Verbytskyi, Andrii},
    title = "{The HepMC3 event record library for Monte Carlo event generators}",
    eprint = "1912.08005",
    archivePrefix = "arXiv",
    reportNumber = "MPP-2019-258, MCNET-19-27, LU-TP 19-58",
    doi = "10.1016/j.cpc.2020.107310",
    journal = "Comput. Phys. Commun.",
    volume = "260",
    pages = "107310",
    year = "2021"
}

@article{gSeaGen:2020,
    author = "Aiello, S. and others",
    collaboration = "KM3NeT",
    title = "{gSeaGen: The KM3NeT GENIE-based code for neutrino telescopes}",
    eprint = "2003.14040",
    archivePrefix = "arXiv",
    doi = "10.1016/j.cpc.2020.107477",
    journal = "Comput. Phys. Commun.",
    volume = "256",
    pages = "107477",
    year = "2020"
}

@article{ANIS:2004,
    author = "Gazizov, Askhat and Kowalski, Marek P.",
    title = "{ANIS: High energy neutrino generator for neutrino telescopes}",
    eprint = "astro-ph/0406439",
    archivePrefix = "arXiv",
    reportNumber = "DESY-04-101",
    doi = "10.1016/j.cpc.2005.03.113",
    journal = "Comput. Phys. Commun.",
    volume = "172",
    pages = "203--213",
    year = "2005"
}

@article{LeptonInjector:2020,
    author = "Abbasi, R. and others",
    collaboration = "IceCube",
    title = "{LeptonInjector and LeptonWeighter: A neutrino event generator and weighter for neutrino observatories}",
    eprint = "2012.10449",
    archivePrefix = "arXiv",
    doi = "10.1016/j.cpc.2021.108018",
    journal = "Comput. Phys. Commun.",
    volume = "266",
    pages = "108018",
    year = "2021"
}

@article{CORSIKA8_GPU:2021,
    author = "Reininghaus, Maximilian and others",
    title = "{GPU Accelerated optical light propagation in CORSIKA 8}",
    doi = "10.22323/1.395.0705",
    journal = "PoS",
    volume = "ICRC2021",
    pages = "705",
    year = "2021"
}

@article{Dmitry_PPC:2013,
    author = "Chirkin, Dmitry",
    editor = "Anton, G. and others",
    collaboration = "IceCube",
    title = "{Photon tracking with GPUs in IceCube}",
    doi = "10.1016/j.nima.2012.11.170",
    journal = "Nucl. Instrum. Meth. A",
    volume = "725",
    pages = "141--143",
    year = "2013"
}

@article{Dmitry_PPC:2022,
    author = "Schwanekamp, Hendrik and others",
    title = "{Accelerating IceCube's Photon Propagation Code with CUDA}",
    doi = "10.1007/s41781-022-00080-8",
    journal = "Comput. Softw. Big Sci.",
    volume = "6",
    number = "1",
    pages = "4",
    year = "2022"
}
% Simulation softwares
%%%%%%%%%%%%%%%%%%%%%%%%%%%%%%%%%%

@article{PREM:1981,
    title = {Preliminary reference Earth model},
    author = {Adam M. Dziewonski and Don L. Anderson},
    journal = {Physics of the Earth and Planetary Interiors},
    volume = {25},
    number = {4},
    pages = {297-356},
    year = {1981},
    issn = {0031-9201},
    doi = {https://doi.org/10.1016/0031-9201(81)90046-7},
    url = {https://www.sciencedirect.com/science/article/pii/0031920181900467},
}

@book{tilings_and_patterns:1987,
  title={Tilings and patterns},
  author={Gr{\"u}nbaum, Branko and Shephard, Geoffrey Colin},
  year={1987},
  publisher={W.H. Freemann},
  address = {New York}
}

@article{JUNO_PMT:2021,
    author = "Cao, Chuanya and others",
    title = "{Mass production and characterization of 3-inch PMTs for the JUNO experiment}",
    eprint = "2102.11538",
    archivePrefix = "arXiv",
    doi = "10.1016/j.nima.2021.165347",
    journal = "Nucl. Instrum. Meth. A",
    volume = "1005",
    pages = "165347",
    year = "2021"
}

@article{PMT_test:2020,
    author = "Jiang, Kun and others",
    title = "{Qualification tests of 997 8-inch photomultiplier tubes for the water Cherenkov detector array of the LHAASO experiment}",
    eprint = "2009.12742",
    archivePrefix = "arXiv",
    doi = "10.1016/j.nima.2021.165108",
    journal = "Nucl. Instrum. Meth. A",
    volume = "995",
    pages = "165108",
    year = "2021"
}


% vim:ts=4:sw=4